3356 5150
790 465 1008 523 ..28-

339 634 450 720 ἆρετῆς
473 634 492 720 ῆ
514 640 548 702 έκ
569 641 717 720 μαντικῆς
740 641 860 721 τέχνης,
885 637 924 702 τὸ
948 638 1140 714 ἀθάνατος
1162 639 1196 702 ἐκ
1219 641 1278 701 τοῦ
1301 639 1354 719 τῆς
1377 641 1459 718 ζωῆς
1578 719 1580 726 Ι

339 729 450 805 εἴδους.
497 734 553 792 Al
580 731 664 808 (17);
690 730 792 793 ἰστέον
823 733 856 793 δέ
887 734 938 792 καί
970 722 1017 793 ὅτι
1048 728 1087 792 τὸ
1118 721 1196 792 ὅλον
1218 734 1314 792 τοῦτο
1338 733 1459 807 χωρίον

339 816 375 882 τὸ
398 815 540 894 πολλὰς
562 817 590 881 δ’
615 823 793 897 ἰφθίμους
820 817 944 897 ψυχὰς
959 810 1048 881 (Ἄιδι
1078 823 1267 898 προίαφεν
1290 819 1458 882 ἐπαινεῖται

339 906 419 988 πρὸς
442 914 507 970 τῶν
529 915 671 972 παλαιῶν
690 905 734 983 ὥς
749 914 875 988 καιρίως
889 909 1113 988 ἐμπερίβολον·
1136 907 1266 985 ἔγκειται
1288 904 1349 987 γὰρ
1371 904 1459 992 αὐτῷ

338 1002 412 1075 φασί
435 999 551 1060 ταῦτα·
575 996 611 1060 τὸ
634 995 757 1076 ψυχὰς
785 997 892 1061 οὐσία·
916 997 1020 1062 ποσὸν
1051 994 1087 1060 τὸ
1118 994 1279 1071 πολλὰς·
1303 996 1397 1060 ποιὸν
1419 994 1458 1060 τὸ

340 1091 532 1164 ἰφθίμους·
566 1085 666 1162 τόπος
696 1084 732 1150 τὸ
758 1083 863 1150 Ἄιδι·
891 1085 1009 1168 χρόνος
1039 1085 1076 1149 τὸ
1107 1091 1305 1167 προίαψεν.
1354 1090 1453 1150 3339

340 1179 440 1258 (244),
464 1182 569 1240 N249
594 1174 698 1261 (ονε).

428 1267 637 1328 Narrationem
667 1269 815 1328 ubertatis
842 1267 1002 1348 splendore
1025 1276 1133 1328 ornant
1155 1268 1240 1335 aliae
1262 1269 1456 1336 narratiun-

340 1358 429 1425 αιίιιι
452 1359 594 1425 orationi
616 1359 775 1438 toseotoa'
797 1357 835 1420 of.
860 1362 881 1418 Ι
890 1359 953 1420 525
978 1355 1078 1438 (771)Ι

428 1445 586 1508 Methodus
602 1446 769 1525 περιβολῆς
783 1455 829 1507 est
840 1449 1022 1532 ροηιιίιιιικι
1036 1468 1147 1514 rerum
1159 1447 1305 1514 ordinem
1319 1453 1454 1524 maturo,

339 1538 382 1595 ita
412 1545 445 1597 ut
483 1538 648 1616 posteriora
685 1537 768 1617 prius
805 1547 972 1600 narrentur.
1032 1536 1068 1596 Id
1099 1545 1199 1596 autem
1232 1537 1362 1597 Homero
1392 1557 1456 1596 sae·

340 1627 461 1705 pissime
483 1628 514 1686 in
536 1646 595 1686 usu
616 1635 671 1698 est,
697 1624 777 1705 quod
793 1626 967 1686 eustathius
990 1629 1067 1701 φ13
1094 1623 1209 1707 (1899)
1234 1627 1276 1685 sio
1292 1625 1457 1702 significat:

340 1708 400 1793 δρα
424 1715 456 1776 δὲ
479 1710 559 1775 κατὰ
581 1712 638 1792 τὴν
661 1713 811 1793 ῥηθεῖσαν
833 1716 983 1793 ἱστορίαν,
1018 1705 1065 1776 ὅτι
1089 1712 1258 1792 ἀνέστρεψε
1287 1717 1336 1775 καί
1359 1709 1458 1792 αὐτὴν

340 1799 358 1864 ὃ
386 1800 516 1883 ποιητὴς
547 1806 649 1886 οἰκείῳ
680 1803 742 1866 ἔθει
774 1801 1003 1886 ἀκολουθῶνέ)
1068 1804 1177 1884 Neque
1215 1805 1334 1864 silentio
1372 1825 1457 1884 prae·

341 1895 422 1954 teriit
444 1893 514 1954 huic
536 1896 648 1954 rationi
662 1895 760 1954 inesse
774 1891 952 1971 περιβολῆν.
992 1894 1135 1972 Legimus
1150 1895 1229 1953 enim
1244 1899 1265 1955 Ι
1275 1897 1337 1956 525
1355 1890 1457 1977 (771):

339 1985 390 2044 καί
412 1979 611 2062 περιβάλλων
634 1984 782 2062 ίστοριῶν
805 2003 837 2044 τε
851 1980 1015 2062 μεστὸτητι
1038 1986 1088 2044 καί
1107 1977 1152 2056 ως
1166 1987 1346 2060 προείρηται
1362 1977 1458 2044 ὑπαλ-

340 2078 419 2150 λαγῆ
442 2073 496 2151 τῆς
518 2073 650 2151 φυσικῆς
678 2078 746 2134 τῶν
776 2071 971 2151 πραγμάτων
1002 2069 1135 2150 τάξεως
1166 2073 1214 2132 vel
1242 2073 1458 2150 significantius

341 2166 397 2223 05>
422 2158 553 2246 (1002):
576 2164 653 2224 ποτὲ
675 2163 781 2236 μέντοι
804 2157 842 2223 τὸ
857 2167 912 2239 τῆς
926 2161 1074 2240 δευτέρας
1097 2163 1245 2238 συζυγίας
1266 2161 1397 2240 πρῶτον
1411 2167 1458 2244 τῷ

341 2252 478 2334 δευτέρῳ
493 2257 548 2324 τῆς
562 2249 689 2331 πρώτης
705 2253 852 2327 συζυγίας
870 2249 973 2327 ἐπάγει
989 2252 1166 2323 συναπτῶς,
1190 2248 1295 2312 καὶτὸ
1311 2249 1459 2329 δεύτερον

342 2346 395 2418 τῆς
416 2337 512 2418 αὐτῆς
535 2341 679 2418 δευτέρας
701 2341 748 2422 τῷ
770 2337 890 2422 πρώτῳ
906 2340 961 2417 τῆς
975 2337 1101 2418 πρώτης
1116 2335 1160 2413 ὥς
1176 2337 1236 2416 ἔχει
1251 2335 1289 2400 τὸ
1313 2336 1459 2418 οἰμωγὴ

341 2433 400 2490 καί
423 2425 569 2508 εὐχωλὴ
593 2427 788 2491 ὀλλύντων
819 2432 878 2490 καί
907 2426 1127 2503 ὀλλυμένων
1148 2432 1200 2490 καί
1223 2425 1260 2489 τὰ
1284 2419 1458 2503 ὅμοια.καί

341 2516 402 2579 έστι
425 2520 519 2580 τοῦτο
543 2520 636 2596 σαφές
649 2521 707 2593 μέν
723 2515 762 2581 οὐ
776 2517 870 2598 πάνυ,
894 2517 1099 2597 ἐμπερίβολον
1116 2520 1149 2580 δέ
1164 2521 1214 2580 καί
1229 2519 1351 2596 πρέπον
1373 2540 1410 2593 με
1431 2519 1458 2579 έ-

341 2614 390 2670 θει
418 2607 578 2686 ποιῆσεως.
640 2614 696 2672 Al
724 2606 794 2695 (15)
826 2606 864 2670 τὸ
895 2607 1101 2687 ἐμπερίβολον
1130 2612 1180 2669 καί
1210 2603 1336 2686 ὑψηλὸν
1366 2611 1458 2668 totius

340 2697 445 2758 Iliadis
468 2700 499 2757 in
523 2719 559 2759 eo
583 2701 723 2779 cernitur,
748 2699 828 2780 quod
843 2719 891 2759 res
914 2719 974 2759 non
989 2697 1152 2760 seeundum
1168 2699 1309 2777 temporis
1323 2698 1458 2759 ordinem

341 2787 521 2867 referuntur,
546 2788 599 2848 sed
622 2790 754 2849 narratio

502 2933 618 2990 semper
641 2913 679 2973 ad
703 2924 842 2975 eventum
866 2913 987 2972 festinat
1010 2922 1040 2971 et
1062 2915 1094 2971 in
1116 2911 1229 2972 medias
1251 2931 1298 2971 res

501 3024 561 3062 non
584 3023 669 3063 secus
692 3024 727 3063 ac
749 3014 836 3062 notas
860 3000 1025 3061 auditorem
1048 3001 1166 3083 rupim)

343 3127 453 3188 Contra
475 3130 507 3187 in
530 3128 723 3188 collocatione
746 3130 835 3188 unius
859 3129 1005 3188 enuntiati
1035 3126 1147 3205 detegit
1168 3123 1338 3205 περιβολήν
1360 3129 1457 3201 β270

344 3218 469 3299 (1444),
494 3217 575 3296 quod
590 3232 680 3297 poeta
695 3238 754 3278 non
770 3220 935 3298 scripserit:
960 3214 1023 3293 εἰδῆ
1039 3238 1087 3277 τοι
1111 3222 1169 3278 σοῦ
1185 3213 1304 3294 πατρὸς
1319 3214 1459 3278 ἐνέστακ-

343 3327 392 3366 ται
415 3307 508 3381 μένος
531 3301 578 3385 ῆὺ,
604 3301 671 3368 οὐδ’
694 3302 804 3369 ὄπιθεν
827 3303 923 3380 κακὸς
945 3303 1043 3368 έσσεαι
1067 3300 1135 3368 οὐδ’
1154 3301 1313 3383 ἀνοῆμων,
1338 3305 1390 3366 sed
1414 3325 1458 3365 or·

343 3395 440 3457 dinem
465 3398 684 3458 enuntiatorum
707 3399 840 3457 invertit.

432 3488 480 3546 Ex
502 3505 624 3547 numero
647 3487 821 3566 figurarum,
846 3507 921 3566 quas
937 3487 1142 3564 Hermogenes
1167 3492 1372 3560 exaggeratae
1395 3503 1459 3543 ora-

343 3577 432 3635 tionis
454 3578 591 3656 proprias
622 3597 686 3636 esse
717 3578 828 3648 voluit,
860 3575 1036 3636 Eustathius
1063 3594 1156 3634 unum
1186 3583 1395 3632 commemorat
1418 3567 1460 3633 τὸ

344 3665 464 3741 σχῆμα
501 3661 576 3726 κατ’
615 3660 721 3744 ἄρσιν
754 3667 813 3726 καί
847 3661 996 3746 edom).
1062 3663 1137 3724 (lum
1177 3670 1275 3722 autem
1311 3662 1390 3721 idem
1421 3661 1460 3720 ab

343 3754 502 3815 Eustathio
526 3755 564 3814 ad
586 3753 701 3828 κάλλος
723 3774 843 3835 quoque
866 3755 1022 3827 referatur,
1046 3753 1095 3811 hic
1119 3752 1146 3810 ei
1170 3759 1286 3810 tantum
1309 3752 1366 3811 loci
1389 3751 1459 3811 affe-

343 3843 428 3902 rendi
452 3853 532 3919 sunt,
564 3846 617 3904 ubi
640 3865 700 3904 non
723 3843 868 3904 eiusmodi
892 3842 1127 3902 additamentum
1148 3839 1298 3905 adiectum
1321 3850 1376 3910 est,
1408 3841 1461 3920 qui

342 3946 413 3993 sunt
429 3937 453 3994 ο
470 3938 533 3995 410
547 3929 672 4018 (1022),
695 3936 799 3994 οιοε
813 3929 940 4016 (1040),
958 3939 987 3993 P
1000 3934 1063 3992 ero
1077 3928 1199 4013 (1107),
1218 3951 1237 3990 α
1254 3933 1317 3991 203
1333 3925 1458 4013 (1411).

344 4027 457 4100 Σχῆμα
480 4022 555 4081 illud
578 4019 646 4082 κατ’
672 4017 761 4101 ίέρσιν
784 4025 834 4083 καί
858 4022 946 4084 θέσιν
974 4040 1009 4081 eo
1038 4021 1156 4080 maioris
1185 4029 1231 4082 est
1258 4021 1399 4080 momenti
1422 4017 1460 4077 ad

437 4269 458 4338 1)
477 4267 510 4322 of.
530 4283 553 4323 e.
573 4283 599 4336 g.
619 4272 733 4336 praeter
750 4267 819 4323 alios
837 4269 912 4323 locos
931 4270 955 4319 A
968 4267 1020 4323 689
1033 4267 1115 4340 (878).

436 4339 459 4410 ⁶)
477 4339 612 4394 Horatius
631 4356 655 4393 a.
674 4358 700 4409 p.
722 4341 781 4396 148.

437 4411 621 4482 pmpffi
715 4455 720 4464 .
