<?xml version="1.0" encoding="UTF-8"?>
<!DOCTYPE html PUBLIC "-//W3C//DTD XHTML 1.0 Transitional//EN"
    "http://www.w3.org/TR/xhtml1/DTD/xhtml1-transitional.dtd">
<html xmlns="http://www.w3.org/1999/xhtml" xml:lang="en" lang="en">
 <head>
  <title>
</title>
<meta http-equiv="Content-Type" content="text/html;charset=utf-8" />
  <meta name='ocr-system' content='tesseract 3.04.00' />
  <meta name='ocr-capabilities' content='ocr_page ocr_carea ocr_par ocr_line ocrx_word'/>
</head>
<body>
  <div class='ocr_page' id='page_1' title='image "./descholiisadhom00lehngoog_0010.png"; bbox 0 0 3356 5150; ppageno 0'>
   <div class='ocr_carea' id='block_1_1' title="bbox 246 1283 1380 3875">
    <p class='ocr_par' dir='ltr' id='par_1_1' title="bbox 246 1283 1380 3497">
     <span class='ocr_line' id='line_1_1' title="bbox 338 1283 1365 1366; baseline -0.003 -17"><span class='ocrx_word' id='word_1_1' title='bbox 338 1285 463 1349; x_wconf 75' lang='lat' dir='ltr'><strong>(lentum</strong></span> <span class='ocrx_word' id='word_1_2' title='bbox 492 1307 572 1347; x_wconf 90' lang='lat' dir='ltr'><strong>nunc</strong></span> <span class='ocrx_word' id='word_1_3' title='bbox 599 1287 671 1346; x_wconf 91' lang='lat' dir='ltr'><strong>anni</strong></span> <span class='ocrx_word' id='word_1_4' title='bbox 698 1289 929 1366; x_wconf 88' lang='lat' dir='ltr'><strong>praeterierunt,</strong></span> <span class='ocrx_word' id='word_1_5' title='bbox 959 1305 998 1345; x_wconf 85' lang='lat' dir='ltr'><strong>ex</strong></span> <span class='ocrx_word' id='word_1_6' title='bbox 1026 1304 1086 1366; x_wconf 90' lang='lat' dir='ltr'><strong>quo</strong></span> <span class='ocrx_word' id='word_1_7' title='bbox 1113 1283 1148 1350; x_wconf 70' lang='lat'><strong>1⁴¹.</strong></span> <span class='ocrx_word' id='word_1_8' title='bbox 1175 1284 1212 1348; x_wconf 84' lang='grc' dir='ltr'><strong>Δ.</strong></span> <span class='ocrx_word' id='word_1_9' title='bbox 1237 1283 1365 1346; x_wconf 88' lang='lat' dir='ltr'><strong>Wolfius</strong></span> 
     </span>
     <span class='ocr_line' id='line_1_2' title="bbox 248 1373 1366 1457; baseline -0.004 -19"><span class='ocrx_word' id='word_1_10' title='bbox 248 1373 479 1457; x_wconf 75' lang='lat' dir='ltr'><strong>exclamavitz1)</strong></span> <span class='ocrx_word' id='word_1_11' title='bbox 515 1375 751 1436; x_wconf 89' lang='lat' dir='ltr'><strong>utilissimum</strong></span> <span class='ocrx_word' id='word_1_12' title='bbox 787 1385 897 1445; x_wconf 91' lang='lat' dir='ltr'><strong>esset,</strong></span> <span class='ocrx_word' id='word_1_13' title='bbox 934 1373 1174 1456; x_wconf 91' lang='lat' dir='ltr'><strong>undecunque</strong></span> <span class='ocrx_word' id='word_1_14' title='bbox 1210 1374 1366 1436; x_wconf 91' lang='lat' dir='ltr'><strong>collecta</strong></span> 
     </span>
     <span class='ocr_line' id='line_1_3' title="bbox 247 1463 1366 1546; baseline -0.003 -19"><span class='ocrx_word' id='word_1_15' title='bbox 247 1487 354 1527; x_wconf 89' lang='lat' dir='ltr'><strong>unum</strong></span> <span class='ocrx_word' id='word_1_16' title='bbox 388 1467 423 1524; x_wconf 91' lang='lat' dir='ltr'><strong>in</strong></span> <span class='ocrx_word' id='word_1_17' title='bbox 454 1466 571 1525; x_wconf 88' lang='lat' dir='ltr'><strong>locum</strong></span> <span class='ocrx_word' id='word_1_18' title='bbox 602 1465 752 1537; x_wconf 89' lang='lat' dir='ltr'><strong>habere,</strong></span> <span class='ocrx_word' id='word_1_19' title='bbox 788 1485 881 1546; x_wconf 89' lang='lat' dir='ltr'><strong>quae</strong></span> <span class='ocrx_word' id='word_1_20' title='bbox 912 1467 948 1524; x_wconf 92' lang='lat' dir='ltr'><strong>in</strong></span> <span class='ocrx_word' id='word_1_21' title='bbox 978 1463 1085 1524; x_wconf 89' lang='lat' dir='ltr'><strong>libris</strong></span> <span class='ocrx_word' id='word_1_22' title='bbox 1115 1473 1279 1526; x_wconf 87' lang='lat' dir='ltr'><strong>veterum</strong></span> <span class='ocrx_word' id='word_1_23' title='bbox 1307 1465 1366 1525; x_wconf 88' lang='lat' dir='ltr'><strong>vel</strong></span> 
     </span>
     <span class='ocr_line' id='line_1_4' title="bbox 248 1552 1365 1637; baseline -0.002 -21"><span class='ocrx_word' id='word_1_24' title='bbox 248 1563 446 1637; x_wconf 89' lang='lat' dir='ltr'><strong>praecepta</strong></span> <span class='ocrx_word' id='word_1_25' title='bbox 470 1553 511 1616; x_wconf 91' lang='lat' dir='ltr'><strong>de</strong></span> <span class='ocrx_word' id='word_1_26' title='bbox 538 1563 616 1614; x_wconf 89' lang='lat' dir='ltr'><strong>arte</strong></span> <span class='ocrx_word' id='word_1_27' title='bbox 639 1555 798 1635; x_wconf 89' lang='lat' dir='ltr'><strong>poetica,</strong></span> <span class='ocrx_word' id='word_1_28' title='bbox 826 1555 886 1616; x_wconf 86' lang='lat' dir='ltr'><strong>vel</strong></span> <span class='ocrx_word' id='word_1_29' title='bbox 913 1552 1053 1614; x_wconf 89' lang='lat' dir='ltr'><strong>iudicia</strong></span> <span class='ocrx_word' id='word_1_30' title='bbox 1080 1553 1122 1614; x_wconf 93' lang='lat' dir='ltr'><strong>de</strong></span> <span class='ocrx_word' id='word_1_31' title='bbox 1145 1555 1266 1634; x_wconf 89' lang='lat' dir='ltr'><strong>poetis</strong></span> <span class='ocrx_word' id='word_1_32' title='bbox 1289 1554 1365 1614; x_wconf 92' lang='lat' dir='ltr'><strong>suis</strong></span> 
     </span>
     <span class='ocr_line' id='line_1_5' title="bbox 249 1641 1364 1726; baseline -0.003 -21"><span class='ocrx_word' id='word_1_33' title='bbox 249 1647 400 1726; x_wconf 80' lang='lat' dir='ltr'><strong>sparsim</strong></span> <span class='ocrx_word' id='word_1_34' title='bbox 423 1646 607 1723; x_wconf 90' lang='lat' dir='ltr'><strong>leguntur.</strong></span> <span class='ocrx_word' id='word_1_35' title='bbox 646 1643 763 1719; x_wconf 81' lang='lat' dir='ltr'><strong>Quibus</strong></span> <span class='ocrx_word' id='word_1_36' title='bbox 784 1645 841 1704; x_wconf 84' lang='lat' dir='ltr'><strong>viri</strong></span> <span class='ocrx_word' id='word_1_37' title='bbox 857 1643 1051 1705; x_wconf 80' lang='lat' dir='ltr'><strong>illustrissimi</strong></span> <span class='ocrx_word' id='word_1_38' title='bbox 1074 1644 1182 1719; x_wconf 84' lang='lat' dir='ltr'><strong>verbis,</strong></span> <span class='ocrx_word' id='word_1_39' title='bbox 1207 1641 1364 1720; x_wconf 90' lang='lat' dir='ltr'><strong>adductus,</strong></span> 
     </span>
     <span class='ocr_line' id='line_1_6' title="bbox 250 1732 1367 1816; baseline -0.003 -21"><span class='ocrx_word' id='word_1_40' title='bbox 250 1755 315 1795; x_wconf 88' lang='lat' dir='ltr'><strong>eum</strong></span> <span class='ocrx_word' id='word_1_41' title='bbox 332 1754 419 1795; x_wconf 90' lang='lat' dir='ltr'><strong>nemo</strong></span> <span class='ocrx_word' id='word_1_42' title='bbox 435 1734 534 1794; x_wconf 88' lang='lat' dir='ltr'><strong>adhuc</strong></span> <span class='ocrx_word' id='word_1_43' title='bbox 551 1735 614 1793; x_wconf 90' lang='lat' dir='ltr'><strong>eius</strong></span> <span class='ocrx_word' id='word_1_44' title='bbox 630 1732 807 1794; x_wconf 91' lang='lat' dir='ltr'><strong>desiderium</strong></span> <span class='ocrx_word' id='word_1_45' title='bbox 824 1734 1003 1814; x_wconf 84' lang='lat' dir='ltr'><strong>expleverit,</strong></span> <span class='ocrx_word' id='word_1_46' title='bbox 1028 1732 1148 1815; x_wconf 80' lang='lat' dir='ltr'><strong>collegi,</strong></span> <span class='ocrx_word' id='word_1_47' title='bbox 1167 1753 1367 1816; x_wconf 87' lang='lat' dir='ltr'><strong>quaecunque</strong></span> 
     </span>
     <span class='ocr_line' id='line_1_7' title="bbox 248 1820 1366 1902; baseline -0.002 -18"><span class='ocrx_word' id='word_1_48' title='bbox 248 1826 279 1885; x_wconf 95' lang='lat' dir='ltr'><strong>in</strong></span> <span class='ocrx_word' id='word_1_49' title='bbox 306 1823 426 1885; x_wconf 80' lang='lat' dir='ltr'><strong>scholiis</strong></span> <span class='ocrx_word' id='word_1_50' title='bbox 455 1823 620 1884; x_wconf 83' lang='lat' dir='ltr'><strong>Homericis</strong></span> <span class='ocrx_word' id='word_1_51' title='bbox 650 1820 687 1882; x_wconf 90' lang='lat' dir='ltr'><strong>de</strong></span> <span class='ocrx_word' id='word_1_52' title='bbox 716 1832 779 1882; x_wconf 90' lang='lat' dir='ltr'><strong>arte</strong></span> <span class='ocrx_word' id='word_1_53' title='bbox 810 1833 918 1902; x_wconf 90' lang='lat' dir='ltr'><strong>poetae</strong></span> <span class='ocrx_word' id='word_1_54' title='bbox 949 1832 1135 1885; x_wconf 83' lang='lat' dir='ltr'><strong>enarrantur.</strong></span> <span class='ocrx_word' id='word_1_55' title='bbox 1183 1823 1366 1883; x_wconf 75' lang='lat' dir='ltr'><strong>Persuasum</strong></span> 
     </span>
     <span class='ocr_line' id='line_1_8' title="bbox 251 1911 1365 1991; baseline -0.002 -17"><span class='ocrx_word' id='word_1_56' title='bbox 251 1916 329 1974; x_wconf 88' lang='lat' dir='ltr'><strong>enim</strong></span> <span class='ocrx_word' id='word_1_57' title='bbox 353 1913 447 1973; x_wconf 90' lang='lat' dir='ltr'><strong>habui</strong></span> <span class='ocrx_word' id='word_1_58' title='bbox 469 1913 534 1973; x_wconf 82' lang='lat' dir='ltr'><strong>fore</strong></span> <span class='ocrx_word' id='word_1_59' title='bbox 554 1913 634 1971; x_wconf 90' lang='lat' dir='ltr'><strong>hunc</strong></span> <span class='ocrx_word' id='word_1_60' title='bbox 648 1912 782 1972; x_wconf 86' lang='lat' dir='ltr'><strong>laborem</strong></span> <span class='ocrx_word' id='word_1_61' title='bbox 797 1913 985 1972; x_wconf 87' lang='lat' dir='ltr'><strong>utilissimum</strong></span> <span class='ocrx_word' id='word_1_62' title='bbox 1009 1922 1039 1972; x_wconf 94' lang='lat' dir='ltr'><strong>et</strong></span> <span class='ocrx_word' id='word_1_63' title='bbox 1063 1911 1100 1971; x_wconf 90' lang='lat' dir='ltr'><strong>ad</strong></span> <span class='ocrx_word' id='word_1_64' title='bbox 1116 1911 1365 1991; x_wconf 79' lang='lat' dir='ltr'><strong>cognoscendum,</strong></span> 
     </span>
     <span class='ocr_line' id='line_1_9' title="bbox 249 2001 1366 2085; baseline -0.002 -22"><span class='ocrx_word' id='word_1_65' title='bbox 249 2013 396 2085; x_wconf 85' lang='lat' dir='ltr'><strong>quantum</strong></span> <span class='ocrx_word' id='word_1_66' title='bbox 413 2001 545 2063; x_wconf 89' lang='lat' dir='ltr'><strong>studium</strong></span> <span class='ocrx_word' id='word_1_67' title='bbox 561 2012 679 2062; x_wconf 88' lang='lat' dir='ltr'><strong>veteres</strong></span> <span class='ocrx_word' id='word_1_68' title='bbox 694 2002 724 2062; x_wconf 94' lang='lat' dir='ltr'><strong>in</strong></span> <span class='ocrx_word' id='word_1_69' title='bbox 744 2001 867 2062; x_wconf 88' lang='lat' dir='ltr'><strong>Homeri</strong></span> <span class='ocrx_word' id='word_1_70' title='bbox 883 2003 1128 2082; x_wconf 86' lang='lat' dir='ltr'><strong>interpretatione</strong></span> <span class='ocrx_word' id='word_1_71' title='bbox 1145 2002 1366 2078; x_wconf 86' lang='lat' dir='ltr'><strong>collocaverint,</strong></span> 
     </span>
     <span class='ocr_line' id='line_1_10' title="bbox 250 2089 1368 2172; baseline -0.001 -19"><span class='ocrx_word' id='word_1_72' title='bbox 250 2103 281 2153; x_wconf 92' lang='lat' dir='ltr'><strong>et</strong></span> <span class='ocrx_word' id='word_1_73' title='bbox 303 2091 341 2152; x_wconf 88' lang='lat' dir='ltr'><strong>ad</strong></span> <span class='ocrx_word' id='word_1_74' title='bbox 357 2089 580 2172; x_wconf 87' lang='lat' dir='ltr'><strong>perspiciendas</strong></span> <span class='ocrx_word' id='word_1_75' title='bbox 603 2091 686 2170; x_wconf 87' lang='lat' dir='ltr'><strong>leges</strong></span> <span class='ocrx_word' id='word_1_76' title='bbox 710 2100 740 2151; x_wconf 89' lang='lat' dir='ltr'><strong>et</strong></span> <span class='ocrx_word' id='word_1_77' title='bbox 754 2099 925 2172; x_wconf 86' lang='lat' dir='ltr'><strong>praecepta,</strong></span> <span class='ocrx_word' id='word_1_78' title='bbox 954 2111 993 2150; x_wconf 87' lang='lat' dir='ltr'><strong>ex</strong></span> <span class='ocrx_word' id='word_1_79' title='bbox 1017 2091 1126 2172; x_wconf 90' lang='lat' dir='ltr'><strong>quibus</strong></span> <span class='ocrx_word' id='word_1_80' title='bbox 1142 2100 1281 2172; x_wconf 84' lang='lat' dir='ltr'><strong>poemata</strong></span> <span class='ocrx_word' id='word_1_81' title='bbox 1304 2112 1368 2152; x_wconf 90' lang='lat' dir='ltr'><strong>esse</strong></span> 
     </span>
     <span class='ocr_line' id='line_1_11' title="bbox 253 2179 1368 2258; baseline -0.001 -16"><span class='ocrx_word' id='word_1_82' title='bbox 253 2179 458 2258; x_wconf 89' lang='lat' dir='ltr'><strong>componenda</strong></span> <span class='ocrx_word' id='word_1_83' title='bbox 481 2183 649 2244; x_wconf 86' lang='lat' dir='ltr'><strong>statuerint.</strong></span> <span class='ocrx_word' id='word_1_84' title='bbox 697 2179 765 2255; x_wconf 81' lang='lat' dir='ltr'><strong>Qua</strong></span> <span class='ocrx_word' id='word_1_85' title='bbox 789 2182 944 2240; x_wconf 86' lang='lat' dir='ltr'><strong>occasione</strong></span> <span class='ocrx_word' id='word_1_86' title='bbox 971 2182 1100 2257; x_wconf 84' lang='lat' dir='ltr'><strong>cognovi</strong></span> <span class='ocrx_word' id='word_1_87' title='bbox 1122 2201 1237 2241; x_wconf 89' lang='lat' dir='ltr'><strong>summa</strong></span> <span class='ocrx_word' id='word_1_88' title='bbox 1259 2182 1368 2242; x_wconf 92' lang='lat' dir='ltr'><strong>iniuria</strong></span> 
     </span>
     <span class='ocr_line' id='line_1_12' title="bbox 251 2269 1369 2351; baseline 0 -21"><span class='ocrx_word' id='word_1_89' title='bbox 251 2271 313 2344; x_wconf 84' lang='lat' dir='ltr'><strong>ille,</strong></span> <span class='ocrx_word' id='word_1_90' title='bbox 341 2279 371 2330; x_wconf 91' lang='lat' dir='ltr'><strong>et</strong></span> <span class='ocrx_word' id='word_1_91' title='bbox 394 2271 521 2331; x_wconf 88' lang='lat' dir='ltr'><strong>maxime</strong></span> <span class='ocrx_word' id='word_1_92' title='bbox 544 2290 581 2330; x_wconf 89' lang='lat' dir='ltr'><strong>ea</strong></span> <span class='ocrx_word' id='word_1_93' title='bbox 603 2269 727 2346; x_wconf 88' lang='lat' dir='ltr'><strong>scholia,</strong></span> <span class='ocrx_word' id='word_1_94' title='bbox 752 2290 831 2351; x_wconf 89' lang='lat' dir='ltr'><strong>quae</strong></span> <span class='ocrx_word' id='word_1_95' title='bbox 846 2278 992 2330; x_wconf 84' lang='lat' dir='ltr'><strong>vocantur</strong></span> <span class='ocrx_word' id='word_1_96' title='bbox 1008 2271 1175 2351; x_wconf 83' lang='lat' dir='ltr'><strong>exegetica,</strong></span> <span class='ocrx_word' id='word_1_97' title='bbox 1200 2282 1369 2350; x_wconf 90' lang='lat' dir='ltr'><strong>contempta</strong></span> 
     </span>
     <span class='ocr_line' id='line_1_13' title="bbox 248 2359 1369 2441; baseline -0.001 -20"><span class='ocrx_word' id='word_1_98' title='bbox 248 2381 284 2421; x_wconf 87' lang='lat' dir='ltr'><strong>ao</strong></span> <span class='ocrx_word' id='word_1_99' title='bbox 308 2361 447 2438; x_wconf 89' lang='lat' dir='ltr'><strong>neglecta</strong></span> <span class='ocrx_word' id='word_1_100' title='bbox 470 2359 554 2420; x_wconf 90' lang='lat' dir='ltr'><strong>humi</strong></span> <span class='ocrx_word' id='word_1_101' title='bbox 570 2360 669 2419; x_wconf 89' lang='lat' dir='ltr'><strong>iacere</strong></span> <span class='ocrx_word' id='word_1_102' title='bbox 687 2379 786 2440; x_wconf 88' lang='lat' dir='ltr'><strong>neque</strong></span> <span class='ocrx_word' id='word_1_103' title='bbox 808 2379 862 2438; x_wconf 92' lang='lat' dir='ltr'><strong>pro</strong></span> <span class='ocrx_word' id='word_1_104' title='bbox 879 2359 978 2438; x_wconf 83' lang='lat' dir='ltr'><strong>dignis</strong></span> <span class='ocrx_word' id='word_1_105' title='bbox 1005 2359 1120 2435; x_wconf 90' lang='lat' dir='ltr'><strong>haberi,</strong></span> <span class='ocrx_word' id='word_1_106' title='bbox 1144 2360 1253 2441; x_wconf 91' lang='lat' dir='ltr'><strong>quibus</strong></span> <span class='ocrx_word' id='word_1_107' title='bbox 1277 2380 1369 2440; x_wconf 90' lang='lat' dir='ltr'><strong>opera</strong></span> 
     </span>
     <span class='ocr_line' id='line_1_14' title="bbox 248 2445 1368 2530; baseline -0.004 -18"><span class='ocrx_word' id='word_1_108' title='bbox 248 2460 385 2512; x_wconf 89' lang='lat' dir='ltr'><strong>navetur.</strong></span> <span class='ocrx_word' id='word_1_109' title='bbox 399 2445 424 2528; x_wconf 67' lang='grc' dir='ltr'><strong>Ξ)</strong></span> <span class='ocrx_word' id='word_1_110' title='bbox 470 2447 526 2510; x_wconf 84' lang='lat' dir='ltr'><strong>Cui</strong></span> <span class='ocrx_word' id='word_1_111' title='bbox 551 2447 759 2509; x_wconf 88' lang='lat' dir='ltr'><strong>consuetudini</strong></span> <span class='ocrx_word' id='word_1_112' title='bbox 783 2449 945 2530; x_wconf 91' lang='lat' dir='ltr'><strong>philologis</strong></span> <span class='ocrx_word' id='word_1_113' title='bbox 968 2446 1112 2528; x_wconf 86' lang='lat' dir='ltr'><strong>indignae</strong></span> <span class='ocrx_word' id='word_1_114' title='bbox 1140 2448 1254 2530; x_wconf 86' lang='lat' dir='ltr'><strong>duplex</strong></span> <span class='ocrx_word' id='word_1_115' title='bbox 1277 2469 1368 2510; x_wconf 87' lang='lat' dir='ltr'><strong>eausa</strong></span> 
     </span>
     <span class='ocr_line' id='line_1_15' title="bbox 246 2539 1367 2620; baseline -0.003 -19"><span class='ocrx_word' id='word_1_116' title='bbox 246 2551 280 2601; x_wconf 90' lang='lat' dir='ltr'><strong>ut</strong></span> <span class='ocrx_word' id='word_1_117' title='bbox 296 2539 491 2620; x_wconf 87' lang='lat' dir='ltr'><strong>explicationi</strong></span> <span class='ocrx_word' id='word_1_118' title='bbox 514 2541 556 2598; x_wconf 92' lang='lat' dir='ltr'><strong>ita</strong></span> <span class='ocrx_word' id='word_1_119' title='bbox 572 2540 759 2598; x_wconf 84' lang='lat' dir='ltr'><strong>excusationi</strong></span> <span class='ocrx_word' id='word_1_120' title='bbox 777 2548 829 2602; x_wconf 90' lang='lat' dir='ltr'><strong>est.</strong></span> <span class='ocrx_word' id='word_1_121' title='bbox 867 2539 1001 2598; x_wconf 90' lang='lat' dir='ltr'><strong>Primum</strong></span> <span class='ocrx_word' id='word_1_122' title='bbox 1026 2540 1105 2598; x_wconf 94' lang='lat' dir='ltr'><strong>enim</strong></span> <span class='ocrx_word' id='word_1_123' title='bbox 1122 2539 1241 2600; x_wconf 93' lang='lat' dir='ltr'><strong>scholiis</strong></span> <span class='ocrx_word' id='word_1_124' title='bbox 1256 2539 1367 2600; x_wconf 89' lang='lat' dir='ltr'><strong>Veneti</strong></span> 
     </span>
     <span class='ocr_line' id='line_1_16' title="bbox 247 2628 1367 2708; baseline -0.003 -18"><span class='ocrx_word' id='word_1_125' title='bbox 247 2633 275 2690; x_wconf 80' lang='lat' dir='ltr'>A</span> <span class='ocrx_word' id='word_1_126' title='bbox 297 2632 329 2689; x_wconf 91' lang='lat' dir='ltr'><strong>in</strong></span> <span class='ocrx_word' id='word_1_127' title='bbox 352 2630 448 2690; x_wconf 87' lang='lat' dir='ltr'><strong>lucem</strong></span> <span class='ocrx_word' id='word_1_128' title='bbox 473 2630 638 2708; x_wconf 88' lang='lat' dir='ltr'><strong>protractis,</strong></span> <span class='ocrx_word' id='word_1_129' title='bbox 667 2638 701 2688; x_wconf 91' lang='lat' dir='ltr'><strong>ut</strong></span> <span class='ocrx_word' id='word_1_130' title='bbox 730 2637 838 2688; x_wconf 89' lang='lat' dir='ltr'><strong>natura</strong></span> <span class='ocrx_word' id='word_1_131' title='bbox 867 2629 910 2688; x_wconf 91' lang='lat' dir='ltr'><strong>rei</strong></span> <span class='ocrx_word' id='word_1_132' title='bbox 933 2647 1034 2688; x_wconf 86' lang='lat' dir='ltr'><strong>secum</strong></span> <span class='ocrx_word' id='word_1_133' title='bbox 1056 2629 1182 2702; x_wconf 88' lang='lat' dir='ltr'><strong>ferebat,</strong></span> <span class='ocrx_word' id='word_1_134' title='bbox 1206 2629 1264 2689; x_wconf 90' lang='lat' dir='ltr'><strong>viri</strong></span> <span class='ocrx_word' id='word_1_135' title='bbox 1287 2628 1367 2689; x_wconf 92' lang='lat' dir='ltr'><strong>docti</strong></span> 
     </span>
     <span class='ocr_line' id='line_1_17' title="bbox 248 2715 1365 2799; baseline -0.002 -20"><span class='ocrx_word' id='word_1_136' title='bbox 248 2739 338 2799; x_wconf 89' lang='lat' dir='ltr'><strong>quam</strong></span> <span class='ocrx_word' id='word_1_137' title='bbox 361 2721 489 2779; x_wconf 89' lang='lat' dir='ltr'><strong>maxime</strong></span> <span class='ocrx_word' id='word_1_138' title='bbox 507 2716 655 2777; x_wconf 88' lang='lat' dir='ltr'><strong>ardebant</strong></span> <span class='ocrx_word' id='word_1_139' title='bbox 671 2718 839 2792; x_wconf 87' lang='lat' dir='ltr'><strong>enucleare,</strong></span> <span class='ocrx_word' id='word_1_140' title='bbox 865 2716 937 2798; x_wconf 89' lang='lat' dir='ltr'><strong>quid</strong></span> <span class='ocrx_word' id='word_1_141' title='bbox 961 2715 1093 2778; x_wconf 84' lang='lat' dir='ltr'><strong>indeed</strong></span> <span class='ocrx_word' id='word_1_142' title='bbox 1116 2719 1279 2797; x_wconf 85' lang='lat' dir='ltr'><strong>genuinam</strong></span> <span class='ocrx_word' id='word_1_143' title='bbox 1303 2740 1365 2778; x_wconf 88' lang='lat' dir='ltr'><strong>car·</strong></span> 
     </span>
     <span class='ocr_line' id='line_1_18' title="bbox 249 2805 1365 2888; baseline 0 -21"><span class='ocrx_word' id='word_1_144' title='bbox 249 2809 361 2867; x_wconf 91' lang='lat' dir='ltr'><strong>minum</strong></span> <span class='ocrx_word' id='word_1_145' title='bbox 385 2809 507 2867; x_wconf 90' lang='lat' dir='ltr'><strong>Homeri</strong></span> <span class='ocrx_word' id='word_1_146' title='bbox 535 2807 693 2867; x_wconf 89' lang='lat' dir='ltr'><strong>lectionem</strong></span> <span class='ocrx_word' id='word_1_147' title='bbox 721 2807 957 2887; x_wconf 90' lang='lat' dir='ltr'><strong>recuperandam</strong></span> <span class='ocrx_word' id='word_1_148' title='bbox 984 2806 1175 2883; x_wconf 85' lang='lat' dir='ltr'><strong>redundaret,</strong></span> <span class='ocrx_word' id='word_1_149' title='bbox 1201 2810 1304 2888; x_wconf 88' lang='lat' dir='ltr'><strong>eisque</strong></span> <span class='ocrx_word' id='word_1_150' title='bbox 1328 2805 1365 2867; x_wconf 89' lang='lat' dir='ltr'><strong>ad</strong></span> 
     </span>
     <span class='ocr_line' id='line_1_19' title="bbox 249 2891 1362 2978; baseline -0.002 -20"><span class='ocrx_word' id='word_1_151' title='bbox 249 2895 485 2958; x_wconf 88' lang='lat' dir='ltr'><strong>emendationem</strong></span> <span class='ocrx_word' id='word_1_152' title='bbox 501 2906 610 2976; x_wconf 88' lang='lat' dir='ltr'><strong>poetae</strong></span> <span class='ocrx_word' id='word_1_153' title='bbox 632 2897 685 2957; x_wconf 90' lang='lat' dir='ltr'><strong>nti.</strong></span> <span class='ocrx_word' id='word_1_154' title='bbox 698 2891 723 2976; x_wconf 83' lang='lat'><strong>8)</strong></span> <span class='ocrx_word' id='word_1_155' title='bbox 763 2895 830 2971; x_wconf 81' lang='lat' dir='ltr'><strong>Quo</strong></span> <span class='ocrx_word' id='word_1_156' title='bbox 848 2917 938 2978; x_wconf 91' lang='lat' dir='ltr'><strong>quam</strong></span> <span class='ocrx_word' id='word_1_157' title='bbox 962 2897 1039 2958; x_wconf 90' lang='lat' dir='ltr'><strong>bene</strong></span> <span class='ocrx_word' id='word_1_158' title='bbox 1062 2899 1159 2958; x_wconf 89' lang='lat' dir='ltr'><strong>meriti</strong></span> <span class='ocrx_word' id='word_1_159' title='bbox 1183 2899 1242 2957; x_wconf 86' lang='lat' dir='ltr'><strong>sint</strong></span> <span class='ocrx_word' id='word_1_160' title='bbox 1257 2897 1362 2971; x_wconf 89' lang='lat' dir='ltr'><strong>Lehrs,</strong></span> 
     </span>
     <span class='ocr_line' id='line_1_20' title="bbox 247 2983 1363 3068; baseline -0.001 -22"><span class='ocrx_word' id='word_1_161' title='bbox 247 2986 402 3061; x_wconf 84' lang='lat' dir='ltr'><strong>Ludwich,</strong></span> <span class='ocrx_word' id='word_1_162' title='bbox 426 2983 651 3060; x_wconf 81' lang='lat' dir='ltr'><strong>Friedlaender,</strong></span> <span class='ocrx_word' id='word_1_163' title='bbox 676 2984 761 3045; x_wconf 92' lang='lat' dir='ltr'><strong>multi</strong></span> <span class='ocrx_word' id='word_1_164' title='bbox 784 2985 845 3058; x_wconf 88' lang='lat' dir='ltr'><strong>alii,</strong></span> <span class='ocrx_word' id='word_1_165' title='bbox 870 3006 1020 3066; x_wconf 88' lang='lat' dir='ltr'><strong>exponere</strong></span> <span class='ocrx_word' id='word_1_166' title='bbox 1041 2985 1099 3046; x_wconf 86' lang='lat' dir='ltr'><strong>hoe</strong></span> <span class='ocrx_word' id='word_1_167' title='bbox 1122 2987 1186 3047; x_wconf 89' lang='lat' dir='ltr'><strong>loco</strong></span> <span class='ocrx_word' id='word_1_168' title='bbox 1209 3007 1309 3068; x_wconf 90' lang='lat' dir='ltr'><strong>neqne</strong></span> <span class='ocrx_word' id='word_1_169' title='bbox 1332 2987 1363 3047; x_wconf 93' lang='lat' dir='ltr'><strong>in</strong></span> 
     </span>
     <span class='ocr_line' id='line_1_21' title="bbox 247 3074 1365 3156; baseline -0.001 -19"><span class='ocrx_word' id='word_1_170' title='bbox 247 3080 345 3137; x_wconf 91' lang='lat' dir='ltr'><strong>animo</strong></span> <span class='ocrx_word' id='word_1_171' title='bbox 373 3076 470 3135; x_wconf 89' lang='lat' dir='ltr'><strong>habco</strong></span> <span class='ocrx_word' id='word_1_172' title='bbox 494 3096 593 3156; x_wconf 89' lang='lat' dir='ltr'><strong>neque</strong></span> <span class='ocrx_word' id='word_1_173' title='bbox 621 3096 696 3156; x_wconf 92' lang='lat' dir='ltr'><strong>opus</strong></span> <span class='ocrx_word' id='word_1_174' title='bbox 721 3084 774 3140; x_wconf 91' lang='lat' dir='ltr'><strong>est.</strong></span> <span class='ocrx_word' id='word_1_175' title='bbox 821 3075 880 3136; x_wconf 86' lang='lat' dir='ltr'><strong>Sed</strong></span> <span class='ocrx_word' id='word_1_176' title='bbox 903 3076 954 3136; x_wconf 92' lang='lat' dir='ltr'><strong>illo</strong></span> <span class='ocrx_word' id='word_1_177' title='bbox 979 3074 1124 3136; x_wconf 86' lang='lat' dir='ltr'><strong>desiderio</strong></span> <span class='ocrx_word' id='word_1_178' title='bbox 1148 3078 1221 3136; x_wconf 88' lang='lat' dir='ltr'><strong>artis</strong></span> <span class='ocrx_word' id='word_1_179' title='bbox 1244 3076 1365 3136; x_wconf 89' lang='lat' dir='ltr'><strong>criticae</strong></span> 
     </span>
     <span class='ocr_line' id='line_1_22' title="bbox 247 3165 1365 3246; baseline -0.002 -19"><span class='ocrx_word' id='word_1_180' title='bbox 247 3165 429 3227; x_wconf 86' lang='lat' dir='ltr'><strong>factitandae</strong></span> <span class='ocrx_word' id='word_1_181' title='bbox 446 3165 576 3225; x_wconf 91' lang='lat' dir='ltr'><strong>studium</strong></span> <span class='ocrx_word' id='word_1_182' title='bbox 594 3166 654 3224; x_wconf 91' lang='lat' dir='ltr'><strong>alia</strong></span> <span class='ocrx_word' id='word_1_183' title='bbox 669 3165 883 3245; x_wconf 89' lang='lat' dir='ltr'><strong>investigandi,</strong></span> <span class='ocrx_word' id='word_1_184' title='bbox 908 3185 987 3246; x_wconf 90' lang='lat' dir='ltr'><strong>quae</strong></span> <span class='ocrx_word' id='word_1_185' title='bbox 1009 3166 1167 3226; x_wconf 90' lang='lat' dir='ltr'><strong>observare</strong></span> <span class='ocrx_word' id='word_1_186' title='bbox 1191 3186 1252 3226; x_wconf 89' lang='lat' dir='ltr'><strong>non</strong></span> <span class='ocrx_word' id='word_1_187' title='bbox 1267 3167 1365 3226; x_wconf 90' lang='lat' dir='ltr'><strong>minus</strong></span> 
     </span>
     <span class='ocr_line' id='line_1_23' title="bbox 247 3254 1364 3337; baseline -0.001 -20"><span class='ocrx_word' id='word_1_188' title='bbox 247 3276 356 3336; x_wconf 89' lang='lat' dir='ltr'><strong>operae</strong></span> <span class='ocrx_word' id='word_1_189' title='bbox 378 3257 508 3336; x_wconf 89' lang='lat' dir='ltr'><strong>pretium</strong></span> <span class='ocrx_word' id='word_1_190' title='bbox 532 3263 586 3331; x_wconf 90' lang='lat' dir='ltr'><strong>est,</strong></span> <span class='ocrx_word' id='word_1_191' title='bbox 611 3255 701 3335; x_wconf 91' lang='lat' dir='ltr'><strong>plane</strong></span> <span class='ocrx_word' id='word_1_192' title='bbox 717 3256 899 3316; x_wconf 85' lang='lat' dir='ltr'><strong>exstinctum</strong></span> <span class='ocrx_word' id='word_1_193' title='bbox 922 3265 978 3327; x_wconf 81' lang='lat' dir='ltr'><strong>est,</strong></span> <span class='ocrx_word' id='word_1_194' title='bbox 1001 3256 1044 3314; x_wconf 92' lang='lat' dir='ltr'><strong>ita</strong></span> <span class='ocrx_word' id='word_1_195' title='bbox 1066 3265 1110 3331; x_wconf 88' lang='lat' dir='ltr'><strong>ut,</strong></span> <span class='ocrx_word' id='word_1_196' title='bbox 1135 3275 1214 3337; x_wconf 89' lang='lat' dir='ltr'><strong>quae</strong></span> <span class='ocrx_word' id='word_1_197' title='bbox 1237 3254 1274 3315; x_wconf 90' lang='lat' dir='ltr'><strong>ad</strong></span> <span class='ocrx_word' id='word_1_198' title='bbox 1297 3255 1364 3316; x_wconf 91' lang='lat' dir='ltr'><strong>illu·</strong></span> 
     </span>
     <span class='ocr_line' id='line_1_24' title="bbox 249 3343 1380 3426; baseline -0.001 -20"><span class='ocrx_word' id='word_1_199' title='bbox 249 3346 398 3407; x_wconf 88' lang='lat' dir='ltr'><strong>strandam</strong></span> <span class='ocrx_word' id='word_1_200' title='bbox 430 3355 524 3405; x_wconf 87' lang='lat' dir='ltr'><strong>artem</strong></span> <span class='ocrx_word' id='word_1_201' title='bbox 547 3355 655 3425; x_wconf 91' lang='lat' dir='ltr'><strong>poetae</strong></span> <span class='ocrx_word' id='word_1_202' title='bbox 685 3344 799 3404; x_wconf 87' lang='lat' dir='ltr'><strong>scholia</strong></span> <span class='ocrx_word' id='word_1_203' title='bbox 829 3345 989 3422; x_wconf 87' lang='lat' dir='ltr'><strong>exhibent,</strong></span> <span class='ocrx_word' id='word_1_204' title='bbox 1026 3343 1125 3406; x_wconf 91' lang='lat' dir='ltr'><strong>adhuc</strong></span> <span class='ocrx_word' id='word_1_205' title='bbox 1156 3347 1380 3426; x_wconf 90' lang='lat' dir='ltr'><strong>sospitatorem</strong></span> 
     </span>
     <span class='ocr_line' id='line_1_25' title="bbox 247 3434 425 3497; baseline 0.011 -2"><span class='ocrx_word' id='word_1_206' title='bbox 247 3434 425 3497; x_wconf 85' lang='lat' dir='ltr'><strong>desiderent.</strong></span> 
     </span>
    </p>

    <p class='ocr_par' dir='ltr' id='par_1_2' title="bbox 249 3522 1364 3875">
     <span class='ocr_line' id='line_1_26' title="bbox 338 3522 1364 3586; baseline 0 -2"><span class='ocrx_word' id='word_1_207' title='bbox 338 3525 426 3584; x_wconf 88' lang='lat' dir='ltr'><strong>Hanc</strong></span> <span class='ocrx_word' id='word_1_208' title='bbox 449 3522 487 3583; x_wconf 89' lang='lat' dir='ltr'><strong>ad</strong></span> <span class='ocrx_word' id='word_1_209' title='bbox 511 3543 632 3584; x_wconf 88' lang='lat' dir='ltr'><strong>causam</strong></span> <span class='ocrx_word' id='word_1_210' title='bbox 655 3523 750 3583; x_wconf 89' lang='lat' dir='ltr'><strong>altera</strong></span> <span class='ocrx_word' id='word_1_211' title='bbox 766 3522 889 3586; x_wconf 91' lang='lat' dir='ltr'><strong>accedit.</strong></span> <span class='ocrx_word' id='word_1_212' title='bbox 926 3523 1000 3585; x_wconf 84' lang='lat' dir='ltr'><strong>Ounr</strong></span> <span class='ocrx_word' id='word_1_213' title='bbox 1024 3525 1103 3584; x_wconf 88' lang='lat' dir='ltr'><strong>enim</strong></span> <span class='ocrx_word' id='word_1_214' title='bbox 1125 3526 1157 3584; x_wconf 93' lang='lat' dir='ltr'><strong>in</strong></span> <span class='ocrx_word' id='word_1_215' title='bbox 1179 3533 1264 3584; x_wconf 88' lang='lat' dir='ltr'><strong>tanta</strong></span> <span class='ocrx_word' id='word_1_216' title='bbox 1286 3523 1364 3584; x_wconf 89' lang='lat' dir='ltr'><strong>mole</strong></span> 
     </span>
     <span class='ocr_line' id='line_1_27' title="bbox 249 3613 1363 3694; baseline -0.002 -20"><span class='ocrx_word' id='word_1_217' title='bbox 249 3613 474 3674; x_wconf 87' lang='lat' dir='ltr'><strong>adnotationum</strong></span> <span class='ocrx_word' id='word_1_218' title='bbox 498 3615 600 3690; x_wconf 89' lang='lat' dir='ltr'><strong>insint,</strong></span> <span class='ocrx_word' id='word_1_219' title='bbox 624 3633 703 3694; x_wconf 86' lang='lat' dir='ltr'><strong>quae</strong></span> <span class='ocrx_word' id='word_1_220' title='bbox 723 3615 821 3673; x_wconf 91' lang='lat' dir='ltr'><strong>minus</strong></span> <span class='ocrx_word' id='word_1_221' title='bbox 845 3613 922 3673; x_wconf 89' lang='lat' dir='ltr'><strong>bene</strong></span> <span class='ocrx_word' id='word_1_222' title='bbox 941 3616 1115 3692; x_wconf 83' lang='lat' dir='ltr'><strong>excogitata</strong></span> <span class='ocrx_word' id='word_1_223' title='bbox 1138 3625 1217 3688; x_wconf 89' lang='lat' dir='ltr'><strong>sunt,</strong></span> <span class='ocrx_word' id='word_1_224' title='bbox 1242 3614 1363 3674; x_wconf 91' lang='lat' dir='ltr'><strong>Homeri</strong></span> 
     </span>
     <span class='ocr_line' id='line_1_28' title="bbox 249 3701 1364 3784; baseline -0.002 -20"><span class='ocrx_word' id='word_1_225' title='bbox 249 3706 427 3784; x_wconf 90' lang='lat' dir='ltr'><strong>interpretes</strong></span> <span class='ocrx_word' id='word_1_226' title='bbox 455 3710 519 3763; x_wconf 90' lang='lat' dir='ltr'><strong>tota</strong></span> <span class='ocrx_word' id='word_1_227' title='bbox 547 3703 726 3764; x_wconf 90' lang='lat' dir='ltr'><strong>scholiorum</strong></span> <span class='ocrx_word' id='word_1_228' title='bbox 754 3701 929 3763; x_wconf 87' lang='lat' dir='ltr'><strong>collectione</strong></span> <span class='ocrx_word' id='word_1_229' title='bbox 950 3703 1026 3762; x_wconf 91' lang='lat' dir='ltr'><strong>nihil</strong></span> <span class='ocrx_word' id='word_1_230' title='bbox 1049 3705 1193 3764; x_wconf 87' lang='lat' dir='ltr'><strong>contineri</strong></span> <span class='ocrx_word' id='word_1_231' title='bbox 1215 3704 1364 3784; x_wconf 85' lang='lat' dir='ltr'><strong>putabant</strong></span> 
     </span>
     <span class='ocr_line' id='line_1_29' title="bbox 249 3791 1362 3875; baseline -0.003 -21"><span class='ocrx_word' id='word_1_232' title='bbox 249 3795 306 3855; x_wconf 89' lang='lat' dir='ltr'><strong>nisi</strong></span> <span class='ocrx_word' id='word_1_233' title='bbox 324 3812 421 3870; x_wconf 90' lang='lat' dir='ltr'><strong>nugas</strong></span> <span class='ocrx_word' id='word_1_234' title='bbox 438 3801 529 3872; x_wconf 89' lang='lat' dir='ltr'><strong>atque</strong></span> <span class='ocrx_word' id='word_1_235' title='bbox 544 3794 682 3875; x_wconf 88' lang='lat' dir='ltr'><strong>ineptias.</strong></span> <span class='ocrx_word' id='word_1_236' title='bbox 718 3792 785 3868; x_wconf 81' lang='lat' dir='ltr'><strong>Quo</strong></span> <span class='ocrx_word' id='word_1_237' title='bbox 801 3791 911 3852; x_wconf 92' lang='lat' dir='ltr'><strong>iudicio</strong></span> <span class='ocrx_word' id='word_1_238' title='bbox 927 3791 1003 3852; x_wconf 91' lang='lat' dir='ltr'><strong>nihil</strong></span> <span class='ocrx_word' id='word_1_239' title='bbox 1018 3794 1150 3873; x_wconf 85' lang='lat' dir='ltr'><strong>iniquius</strong></span> <span class='ocrx_word' id='word_1_240' title='bbox 1173 3813 1240 3854; x_wconf 89' lang='lat' dir='ltr'><strong>esse</strong></span> <span class='ocrx_word' id='word_1_241' title='bbox 1255 3802 1362 3874; x_wconf 86' lang='lat' dir='ltr'><strong>potest,</strong></span> 
     </span>
    </p>
   </div>
   <div class='ocr_carea' id='block_1_2' title="bbox 247 3967 1363 4458">
    <p class='ocr_par' dir='ltr' id='par_1_3' title="bbox 343 3967 1073 4039">
     <span class='ocr_line' id='line_1_30' title="bbox 343 3967 1073 4039; baseline 0 -17"><span class='ocrx_word' id='word_1_242' title='bbox 343 3970 365 4039; x_wconf 87' lang='lat'><strong>¹)</strong></span> <span class='ocrx_word' id='word_1_243' title='bbox 382 3967 581 4034; x_wconf 77' lang='lat' dir='ltr'><strong>Prolegomena</strong></span> <span class='ocrx_word' id='word_1_244' title='bbox 598 3967 627 4022; x_wconf 89' lang='lat' dir='ltr'><strong>in</strong></span> <span class='ocrx_word' id='word_1_245' title='bbox 645 3967 803 4032; x_wconf 84' lang='lat' dir='ltr'><strong>Homerum,</strong></span> <span class='ocrx_word' id='word_1_246' title='bbox 823 3985 849 4036; x_wconf 88' lang='lat' dir='ltr'><strong>p.</strong></span> <span class='ocrx_word' id='word_1_247' title='bbox 871 3967 929 4032; x_wconf 76' lang='lat'><strong>125,</strong></span> <span class='ocrx_word' id='word_1_248' title='bbox 949 3967 1011 4022; x_wconf 91' lang='lat' dir='ltr'><strong>adn.</strong></span> <span class='ocrx_word' id='word_1_249' title='bbox 1031 3971 1073 4022; x_wconf 88' lang='lat'><strong>91.</strong></span> 
     </span>
    </p>

    <p class='ocr_par' dir='ltr' id='par_1_4' title="bbox 247 4038 1363 4458">
     <span class='ocr_line' id='line_1_31' title="bbox 338 4038 1363 4110; baseline 0 -16"><span class='ocrx_word' id='word_1_250' title='bbox 338 4040 360 4110; x_wconf 74' lang='lat'><strong>²)</strong></span> <span class='ocrx_word' id='word_1_251' title='bbox 379 4039 412 4096; x_wconf 85' lang='lat' dir='ltr'><strong>cf.</strong></span> <span class='ocrx_word' id='word_1_252' title='bbox 437 4039 533 4105; x_wconf 86' lang='lat' dir='ltr'><strong>Lehrs,</strong></span> <span class='ocrx_word' id='word_1_253' title='bbox 559 4039 593 4093; x_wconf 92' lang='lat' dir='ltr'><strong>de</strong></span> <span class='ocrx_word' id='word_1_254' title='bbox 616 4038 772 4094; x_wconf 77' lang='lat' dir='ltr'><strong>Aristarchi</strong></span> <span class='ocrx_word' id='word_1_255' title='bbox 791 4039 892 4094; x_wconf 88' lang='lat' dir='ltr'><strong>studiis</strong></span> <span class='ocrx_word' id='word_1_256' title='bbox 910 4039 1087 4106; x_wconf 62' lang='lat' dir='ltr'><strong>Homericisl,</strong></span> <span class='ocrx_word' id='word_1_257' title='bbox 1111 4055 1137 4108; x_wconf 85' lang='lat' dir='ltr'><strong>p.</strong></span> <span class='ocrx_word' id='word_1_258' title='bbox 1157 4039 1200 4107; x_wconf 84' lang='lat'><strong>31,</strong></span> <span class='ocrx_word' id='word_1_259' title='bbox 1223 4039 1363 4107; x_wconf 86' lang='lat' dir='ltr'><strong>Ludwich,</strong></span> 
     </span>
     <span class='ocr_line' id='line_1_32' title="bbox 247 4107 1363 4180; baseline -0.002 -12"><span class='ocrx_word' id='word_1_260' title='bbox 247 4113 406 4169; x_wconf 70' lang='lat' dir='ltr'><strong>tristanum</strong></span> <span class='ocrx_word' id='word_1_261' title='bbox 418 4107 588 4166; x_wconf 90' lang='lat' dir='ltr'><strong>homerische</strong></span> <span class='ocrx_word' id='word_1_262' title='bbox 602 4110 764 4166; x_wconf 80' lang='lat' dir='ltr'><strong>Textkritilr</strong></span> <span class='ocrx_word' id='word_1_263' title='bbox 776 4112 799 4177; x_wconf 94' lang='lat' dir='ltr'><strong>I,</strong></span> <span class='ocrx_word' id='word_1_264' title='bbox 812 4115 861 4177; x_wconf 80' lang='lat'><strong>88,</strong></span> <span class='ocrx_word' id='word_1_265' title='bbox 880 4111 917 4177; x_wconf 91' lang='lat' dir='ltr'><strong>Il,</strong></span> <span class='ocrx_word' id='word_1_266' title='bbox 932 4114 992 4174; x_wconf 86' lang='grc'><strong>718,</strong></span> <span class='ocrx_word' id='word_1_267' title='bbox 1006 4111 1107 4177; x_wconf 82' lang='lat' dir='ltr'><strong>Christ,</strong></span> <span class='ocrx_word' id='word_1_268' title='bbox 1120 4111 1184 4168; x_wconf 89' lang='lat' dir='ltr'><strong>hist.</strong></span> <span class='ocrx_word' id='word_1_269' title='bbox 1198 4111 1269 4166; x_wconf 51' lang='lat' dir='ltr'><strong>litte</strong></span> <span class='ocrx_word' id='word_1_270' title='bbox 1281 4129 1306 4180; x_wconf 86' lang='lat' dir='ltr'><strong>p.</strong></span> <span class='ocrx_word' id='word_1_271' title='bbox 1320 4114 1363 4179; x_wconf 81' lang='lat'><strong>58,</strong></span> 
     </span>
     <span class='ocr_line' id='line_1_33' title="bbox 247 4181 1362 4252; baseline -0.003 -12"><span class='ocrx_word' id='word_1_272' title='bbox 247 4186 374 4250; x_wconf 87' lang='lat' dir='ltr'><strong>Roemer,</strong></span> <span class='ocrx_word' id='word_1_273' title='bbox 403 4184 447 4239; x_wconf 89' lang='lat' dir='ltr'><strong>die</strong></span> <span class='ocrx_word' id='word_1_274' title='bbox 472 4181 665 4252; x_wconf 85' lang='lat' dir='ltr'><strong>exegetisohen</strong></span> <span class='ocrx_word' id='word_1_275' title='bbox 690 4183 817 4239; x_wconf 79' lang='lat' dir='ltr'><strong>Scholion</strong></span> <span class='ocrx_word' id='word_1_276' title='bbox 846 4181 894 4237; x_wconf 91' lang='lat' dir='ltr'><strong>der</strong></span> <span class='ocrx_word' id='word_1_277' title='bbox 918 4183 985 4237; x_wconf 82' lang='lat' dir='ltr'><strong>flios</strong></span> <span class='ocrx_word' id='word_1_278' title='bbox 1010 4183 1047 4236; x_wconf 91' lang='lat' dir='ltr'><strong>im</strong></span> <span class='ocrx_word' id='word_1_279' title='bbox 1072 4183 1157 4238; x_wconf 85' lang='lat' dir='ltr'><strong>codex</strong></span> <span class='ocrx_word' id='word_1_280' title='bbox 1182 4183 1307 4240; x_wconf 84' lang='lat' dir='ltr'><strong>Venetus</strong></span> <span class='ocrx_word' id='word_1_281' title='bbox 1331 4184 1362 4252; x_wconf 90' lang='lat' dir='ltr'><strong>B,</strong></span> 
     </span>
     <span class='ocr_line' id='line_1_34' title="bbox 249 4257 1362 4399; baseline -0.001 -15"><span class='ocrx_word' id='word_1_282' title='bbox 249 4257 326 4324; x_wconf 54' lang='lat'>1879,</span> <span class='ocrx_word' id='word_1_283' title='bbox 339 4271 458 4399; x_wconf 59' lang='lat' dir='ltr'><strong>paszpppe</strong></span> <span class='ocrx_word' id='word_1_284' title='bbox 477 4325 667 4394; x_wconf 84' lang='lat' dir='ltr'><strong>explicandum</strong></span> <span class='ocrx_word' id='word_1_285' title='bbox 680 4326 787 4382; x_wconf 86' lang='lat' dir='ltr'><strong>Lehrsii</strong></span> <span class='ocrx_word' id='word_1_286' title='bbox 809 4325 987 4381; x_wconf 81' lang='lat' dir='ltr'><strong>durissimum</strong></span> <span class='ocrx_word' id='word_1_287' title='bbox 1004 4325 1144 4394; x_wconf 90' lang='lat' dir='ltr'><strong>indicium,</strong></span> <span class='ocrx_word' id='word_1_288' title='bbox 1165 4327 1237 4395; x_wconf 88' lang='lat' dir='ltr'><strong>quod</strong></span> <span class='ocrx_word' id='word_1_289' title='bbox 1255 4327 1311 4382; x_wconf 81' lang='lat' dir='ltr'><strong>fert</strong></span> <span class='ocrx_word' id='word_1_290' title='bbox 1330 4327 1362 4384; x_wconf 87' lang='lat' dir='ltr'><strong>de</strong></span> 
     </span>
     <span class='ocr_line' id='line_1_35' title="bbox 250 4397 1152 4458; baseline -0.004 -1"><span class='ocrx_word' id='word_1_291' title='bbox 250 4399 357 4458; x_wconf 84' lang='lat' dir='ltr'><strong>Veneto</strong></span> <span class='ocrx_word' id='word_1_292' title='bbox 376 4401 413 4458; x_wconf 92' lang='lat' dir='ltr'><strong>B:</strong></span> <span class='ocrx_word' id='word_1_293' title='bbox 432 4399 558 4454; x_wconf 90' lang='lat' dir='ltr'><strong>nullum</strong></span> <span class='ocrx_word' id='word_1_294' title='bbox 577 4397 717 4458; x_wconf 80' lang='lat' dir='ltr'><strong>verbum</strong></span> <span class='ocrx_word' id='word_1_295' title='bbox 736 4399 771 4456; x_wconf 87' lang='lat' dir='ltr'><strong>in</strong></span> <span class='ocrx_word' id='word_1_296' title='bbox 790 4413 826 4455; x_wconf 88' lang='lat' dir='ltr'><strong>eo</strong></span> <span class='ocrx_word' id='word_1_297' title='bbox 846 4398 1051 4457; x_wconf 82' lang='lat' dir='ltr'><strong>credendum</strong></span> <span class='ocrx_word' id='word_1_298' title='bbox 1070 4412 1152 4456; x_wconf 84' lang='lat' dir='ltr'><strong>esse.</strong></span> 
     </span>
    </p>
   </div>
   <div class='ocr_carea' id='block_1_3' title="bbox 0 0 1682 5150">
    <p class='ocr_par' dir='ltr' id='par_1_5' title="bbox 0 0 1682 5150">
     <span class='ocr_line' id='line_1_36' title="bbox 0 0 1682 5150; baseline 0 0"><span class='ocrx_word' id='word_1_299' title='bbox 0 0 1682 5150; x_wconf 95' lang='lat' dir='ltr'><strong> </strong></span> 
     </span>
    </p>
   </div>
  </div>
 </body>
</html>
