3356 5150
785 1337 822 1419 Ι.

704 1527 850 1647 Caput
877 1527 904 1620 l.

330 1694 521 1754 Eustathium
541 1693 584 1754 'in
612 1693 796 1774 explicandis
819 1695 944 1754 Homeri
975 1693 1157 1754 carminibus
1189 1693 1308 1773 copiose
1330 1701 1361 1752 et

241 1784 369 1844 verbose
400 1783 438 1844 de
468 1791 576 1863 poetae
607 1794 670 1843 arte
693 1783 842 1842 rhetorica
872 1804 964 1861 agere
993 1785 1106 1844 nemini
1136 1784 1273 1860 ignotum
1304 1792 1359 1857 ert,

242 1875 294 1954 qui
318 1875 383 1934 eius
407 1874 632 1933 commentarios
655 1872 794 1952 inspexit.
841 1872 909 1948 Qua
940 1882 1038 1932 tamen
1066 1893 1099 1932 re
1121 1892 1207 1932 nemo
1230 1874 1361 1932 virorum

243 1963 396 2023 doctorum
420 1971 540 2022 nostroe
564 1963 671 2022 aetatis
696 1972 858 2022 commotus
874 1969 929 2044 est,
953 1975 988 2020 ut
1002 1963 1033 2020 in
1049 1963 1271 2022 observationes
1293 1961 1360 2021 illas

242 2053 404 2112 rhetoricas
421 2052 588 2112 accuratius
603 2051 776 2131 inquireret.
816 2051 874 2112 Sed
895 2059 968 2132 puto
992 2052 1109 2111 iniuria.
1148 2051 1227 2111 Nam
1243 2053 1360 2112 etiamsi

242 2143 363 2200 minime
386 2161 480 2201 novas
511 2139 549 2200 de
571 2149 636 2201 arte
668 2142 799 2201 oratoria
829 2141 913 2219 leges
935 2143 1097 2221 praecepit,
1130 2140 1210 2221 quod
1241 2159 1280 2200 ne
1310 2161 1358 2200 ex·

243 2230 393 2310 spectabis
422 2229 542 2310 quidem
567 2231 605 2290 ab
629 2231 748 2290 homine
772 2231 958 2310 Byzantinae
989 2231 1107 2305 aetatis,
1138 2244 1241 2290 tamen
1264 2229 1358 2290 delec-

239 2321 385 2380 tationem
409 2321 560 2400 quandam
583 2321 709 2400 praebet
724 2319 837 2395 videre,
862 2318 1012 2400 quomodo
1033 2319 1093 2394 ille,
1119 2321 1172 2400 qui
1195 2329 1260 2380 erat
1281 2321 1360 2380 inter

244 2409 455 2470 eruditissimos
485 2409 603 2469 illorum
634 2419 800 2489 temporum
831 2409 980 2486 homines,
1016 2411 1148 2489 priorum
1184 2408 1290 2470 studiis
1321 2409 1359 2468 ad

240 2499 450 2560 illustrandum
481 2500 643 2560 Homerum
674 2520 746 2560 usus
777 2501 824 2560 sit.
870 2499 979 2579 Neque
1009 2500 1169 2579 quisquam
1200 2497 1359 2580 dubitabit,

241 2589 294 2668 qui
317 2589 365 2650 vel
390 2588 577 2648 mediocriter
601 2589 784 2649 Graecorum
807 2590 913 2648 litteris
937 2588 1069 2648 imbutus
1097 2597 1156 2660 cst,
1188 2590 1261 2669 quin
1284 2589 1358 2648 Her·

241 2697 407 2754 mogenem,
425 2679 478 2758 qui
494 2679 624 2738 maxima
639 2678 764 2739 florebat
780 2680 956 2738 auctoritate
973 2677 1054 2757 apud
1071 2698 1182 2752 omnes,
1199 2679 1252 2758 qui
1264 2688 1359 2737 artem

240 2767 416 2826 rhetoricam
440 2767 567 2847 professi
594 2777 672 2846 sunt,
705 2766 809 2827 ducem
833 2776 954 2827 secutus
977 2771 1024 2830 sit.
1069 2768 1178 2848 Neque
1200 2767 1256 2827 hoc
1279 2769 1358 2828 viros

242 2854 341 2916 doctos
356 2857 445 2935 fugit.
484 2854 543 2916 Sed
560 2857 592 2915 in
606 2857 663 2916 hac
679 2859 850 2934 cognitione
866 2859 1092 2938 acquieverunt,
1116 2861 1205 2917 immo
1222 2857 1359 2937 plerique

240 2953 423 3022 putaverunt
446 2945 638 3006 Eustathium
669 2947 771 3024 legere
800 2946 878 3006 idem
903 2968 967 3007 esse
990 2957 1082 3026 atque
1106 2947 1218 3007 bonum
1241 2956 1359 3025 tempus

240 3031 375 3116 tereral)
426 3035 494 3113 tago
525 3043 626 3094 tamen
658 3034 835 3107 dissentiens
859 3036 897 3095 ab
920 3036 1039 3096 illorum
1071 3038 1212 3117 opinione
1241 3038 1357 3114 putavi,

239 3145 299 3184 non
316 3125 394 3184 omni
412 3144 514 3185 carere
529 3125 660 3186 utilitate
675 3128 882 3206 quaestionem
897 3127 1064 3200 instituere,
1093 3123 1166 3207 quid
1182 3125 1357 3185 Hastathiue

239 3214 423 3294 Hermogeni
447 3214 579 3278 deberet.
626 3218 726 3298 Atque
751 3218 892 3296 apparuit
915 3236 993 3294 eum,
1022 3225 1056 3276 ut
1079 3215 1186 3275 multas
1209 3215 1284 3274 alias
1308 3235 1357 3274 ex·
1443 3219 1445 3223 '

239 3303 414 3382 plicationes
438 3326 477 3364 ex
492 3305 685 3382 Hermogene
708 3307 817 3386 hausit,
842 3307 885 3366 ita
907 3307 998 3386 plane
1022 3325 1061 3364 ex
1083 3305 1135 3364 illo
1158 3302 1291 3384 pendere
1314 3306 1357 3364 eis

240 3393 321 3474 locis,
344 3393 397 3453 ubi
421 3393 585 3454 doctrinam
617 3395 654 3454 de
677 3397 768 3455 variis
796 3396 969 3456 elocutionis
1000 3396 1221 3464 characteribus
1246 3403 1276 3452 et
1298 3395 1356 3453 vir·

240 3481 365 3556 tutibus,
387 3504 462 3564 quas
479 3483 587 3545 Graeci
608 3484 689 3558 ἰδέας
705 3483 859 3566 appellare
873 3485 1018 3557 solebant,
1036 3485 1067 3542 in
1083 3483 1245 3543 Homerum
1262 3493 1356 3541 trans·

239 3572 317 3632 ferre
341 3572 448 3633 studet.
477 3574 623 3644 ¹Prorsus
654 3577 732 3635 enim
756 3573 878 3634 eaedem
901 3575 1068 3634 sententiae
1092 3572 1173 3653 apud
1196 3582 1356 3653 utrumque

240 3670 411 3734 occurrunt,
428 3665 517 3724 anxie
532 3664 609 3724 alter
625 3664 749 3724 alterius
765 3665 871 3740 premit
888 3665 1024 3746 vestigia,
1041 3682 1141 3743 neque
1156 3662 1218 3722 ullo
1231 3663 1295 3722 loco
1308 3683 1356 3722 ac·

240 3759 344 3811 curata
357 3749 491 3810 adhibita
503 3754 750 3833 interpretatione
762 3755 839 3812 inter
855 3773 887 3812 se
905 3751 1057 3816 dissident.
1093 3752 1180 3828 Quod
1192 3762 1227 3812 ut
1238 3750 1357 3812 demon·

239 3851 339 3918 strom,
363 3842 423 3900 iam
440 3841 512 3900 mihi
528 3845 660 3903 conferre
676 3843 775 3918 liceat,
794 3863 871 3926 qnae
890 3852 1017 3924 uterque
1034 3841 1072 3902 de
1089 3862 1273 3922 unaquaque
1289 3841 1356 3902 idea

240 3930 389 3994 exhibeat.
422 3934 521 4010 Atque
538 3952 575 3990 ne
591 3932 754 4014 disputatio
768 3934 847 3993 omni
863 3934 1086 4014 perspicuitate¹
1096 3941 1204 4012 careat,
1223 3930 1355 3991 ordinem

329 4108 353 4175 ¹)
393 4123 416 4160 e.
435 4106 471 4176 lg.
500 4107 622 4172 Ernesti,
650 4107 756 4163 Laxior
782 4107 975 4178 technologiae
1002 4107 1169 4163 Graecorum
1197 4105 1353 4161 rhetoricae

211 4186 214 4192 ’
240 4176 307 4232 dicit
320 4195 346 4245 p.
356 4178 451 4234 XXII:
465 4180 589 4246 ltaque
608 4180 952 4235 totumEnstathium
970 4180 1118 4250 perlegi,
1138 4178 1197 4234 sed
1214 4182 1356 4247 praeter

240 4249 505 4318 explicationem
524 4267 706 4320 paucarum
724 4252 930 4323 figurarum,
951 4267 1033 4320 quas
1052 4251 1178 4320 ubique
1196 4249 1354 4318 inculcat,

240 4334 305 4445 pop
323 4321 477 4391 repperi,
502 4322 623 4395 quibua
647 4327 779 4382 tantum
803 4324 943 4396 legendi
961 4324 1111 4380 laborem
1130 4322 1221 4379 satis
1240 4336 1353 4376 conso·

252 4407 302 4446 arr
319 4409 466 4465 possem.
