3356 5150
814 461 1038 520 -νο-’

363 639 395 699 οἱ
418 637 605 710 με’σαυλον
629 637 772 710 ἵκοντο,
805 633 872 716 τὴν
898 638 925 697 δ’
947 633 1075 714 ἴχνεσεν
1099 630 1198 714 ἤγουν
1220 635 1380 715 ἐπῄνεσεν,
1404 629 1423 714 ἦ
1447 639 1480 699 οἱ

361 723 453 805 πόρε
473 723 718 804 μαχλοσύνην
742 723 952 804 ἀλεγεινήν·
977 726 1098 799 σεμνώς
1120 722 1284 788 κάνταῦθα
1299 724 1427 804 φράσας.
1442 727 1481 805 τῇ

362 837 395 877 τε
415 816 516 892 σιωπῖγ
538 815 604 876 τών
627 819 724 876 θείων
746 813 940 894 προσώπων,
964 819 1014 876 καὶ
1028 811 1075 876 -τό
1092 821 1144 894 τῆς
1160 813 1329 894 διηγήσεως
1352 815 1483 878 ἀπλατεῖ

361 910 415 966 καί
427 925 495 977 πως
509 908 560 965 καὶ
574 907 712 988 μυστικῷ
727 901 778 966 διά
793 901 831 966 τὸ
846 903 960 980 άσαφὲς
976 911 1033 965 τοῦ
1048 909 1186 979 νείκεσσε,
1205 909 1333 967 καὶτῶν
1348 907 1478 968 λοιπών.

363 999 393 1056 Ω
408 998 447 1068 60
473 991 600 1077 (1339)
624 995 724 1073 θρέψε
747 997 781 1055 δὲ
804 991 861 1072 τὴν
881 994 971 1056 Θέτιν
993 989 1102 1072 ἡἪρα
1124 995 1203 1070 λε’γει
1225 1001 1367 1070 μνθικώς
1389 993 1481 1073 χάριν

363 1081 557 1160 σεμνότητος.
587 1083 837 1167 1112806300)
862 1081 900 1146 τὸ
924 1084 957 1144 δὲ
980 1088 1087 1145 τοίου
1114 1081 1184 1164 γάρ
1208 1083 1340 1162 σύνηθες
1361 1082 1479 1166 Ὁμήρῳ

362 1175 404 1246 εἰς
419 1168 610 1248 ἐμφαντικὸν
624 1171 821 1251 μυστηριώδη
837 1170 974 1234 ἔπαινον.
1004 1180 1030 1233 7'
1040 1177 1100 1234 110
1119 1172 1249 1256 (1175)
1267 1173 1301 1234 ἐν
1317 1177 1349 1235 δὲ
1373 1181 1419 1256 τῷ
1442 1166 1481 1247 ὅς

362 1283 426 1322 κεν
447 1263 537 1338 πέση
560 1259 650 1334 μετὰ
673 1265 783 1323 ποσσὶ
806 1259 983 1338 γυναικὸς
1006 1258 1208 1340 εὐσχημόνως
1227 1266 1278 1322 καὶ
1297 1265 1416 1336 σεμνῶς
1431 1267 1481 1325 καλ
1541 1314 1544 1322 ,

364 1351 488 1429 γοργώς
510 1354 561 1412 καὶ
584 1352 692 1427 σαφῶς
715 1353 742 1412 εἰ
762 1354 812 1412 καὶ
836 1345 939 1425 άλλως
961 1354 1116 1425 μυστικῶς
1138 1371 1206 1425 πως
1228 1350 1342 1427 ἔφρασε
1357 1351 1415 1430 τὴν
1430 1359 1481 1414 λο-

362 1444 458 1516 χείαν.
506 1444 598 1501 1134
617 1437 725 1522 (741)ι
749 1437 828 1501 ἔνθα
843 1445 1016 1518 σημείωσαι,
1041 1435 1089 1500 ὅτι
1105 1437 1217 1514 σεμνὸς
1231 1439 1315 1502 πάνυ
1339 1439 1357 1502 ὁ
1372 1441 1481 1518 λόγος·

362 1529 396 1590 ἐν
420 1525 479 1606 γάρ
502 1534 548 1610 τῷ
573 1521 591 1605 ᾗ
618 1529 724 1602 θέμις
746 1529 819 1590 ἐστὶ
851 1527 1020 1607 τιμιωτάτη
1041 1535 1235 1610 προσηγορίᾳ
1262 1527 1421 1608 ἐπισκιάζει
1445 1527 1482 1592 τά

364 1614 504 1696 αἰσχρὸν,
530 1615 654 1693 φάσεως
676 1617 765 1700 νόμῳ
793 1615 851 1696 την
874 1615 1050 1680 ἀκόλαστον
1072 1621 1157 1695 μῖξιν
1180 1617 1349 1681 καλύπτων
1371 1624 1422 1681 καὶ
1445 1617 1481 1682 τὸ

364 1709 417 1786 της
440 1712 618 1785 συμπλοκῆς
648 1705 794 1769 ταπεινὸν
825 1709 928 1782 θέμιδι
958 1711 1071 1786 φυσικῇ
1103 1704 1260 1794 άνιστάς1)
1300 1713 1349 1770 καὶ
1380 1708 1483 1784 μόνον

364 1795 435 1872 οὐχὶ
458 1797 559 1872 λέγων
583 1793 635 1870 ώς,
660 1800 687 1858 εἰ
707 1801 757 1859 καὶ
780 1797 969 1876 άρπαγιμαία
999 1801 1049 1859 καλ
1073 1792 1179 1872 άδικος
1201 1795 1218 1876 ἡ
1242 1806 1297 1876 της
1319 1798 1483 1877 Βρισηιδος

362 1887 453 1961 μῖξις,
478 1881 546 1947 ἀλλ’
579 1881 638 1947 οὐκ
668 1881 725 1965 ἥδη
756 1890 807 1947 καὶ
839 1883 993 1961 άθέμιτος.
1017 1887 1161 1966 λάφυρον
1192 1885 1252 1966 γάρ
1283 1885 1353 1949 οἷον
1383 1884 1482 1965 αὐτὴν

363 1972 471 2051 λαβών
494 1975 528 2036 ἐκ
551 1982 607 2036 τοῦ
631 1971 819 2055 ὑβρίσαντος
846 1983 980 2051 θεμιτως
1011 1973 1050 2038 ἂν
1074 1981 1234 2055 συνῆλθον
1257 1983 1294 2055 ιη’)
1316 1982 1479 2056 ληισθείση.

364 2068 454 2124 Amet
477 2067 554 2125 euim
577 2066 753 2125 Eustathins
778 2069 820 2124 eis
844 2068 915 2126 loeis
938 2077 1055 2146 poetae,
1081 2070 1132 2147 qui
1156 2079 1225 2126 sunt
1249 2068 1286 2128 de
1310 2068 1479 2141 concubitu,

364 2154 472 2234 quibus
495 2176 557 2215 rem
573 2157 668 2229 magis
690 2156 842 2233 significat
864 2176 954 2235 quam
971 2157 1129 2235 eloquitur,
1154 2157 1273 2228 leudem
1294 2154 1482 2235 σεμνότητος

363 2241 532 2327 tribuere.²)
593 2245 671 2303 Num
703 2247 820 2304 omuino
851 2247 952 2324 turpia
983 2246 1160 2305 occultando
1190 2255 1276 2325 sunt,
1314 2267 1353 2306 ne
1383 2257 1481 2307 orator

364 2334 422 2392 sibi
445 2334 493 2392 vel
517 2336 569 2410 eis,
595 2333 631 2393 de
655 2334 764 2413 quibus
783 2333 862 2412 dieii,
887 2333 1179 2414 dignitatisaliquid
1196 2329 1348 2399 detrectet.
1381 2340 1481 2417 Atque

301 2490 303 2494 .
363 2423 420 2482 hoo
441 2442 562 2502 quoque
578 2433 772 2502 praeceptum
788 2424 985 2500 Hermogenis
1002 2444 1066 2483 esse
1081 2426 1145 2503 ipse
1162 2434 1288 2484 testatur
1304 2426 1480 2486 Eustathius

363 2532 382 2571 κ
401 2515 461 2572 177
482 2508 650 2590 (1653013)
681 2513 771 2588 μηδὲ
802 2509 1029 2589 τρυχώμεθα
1060 2514 1154 2596 λιμῷ
1166 2509 1209 2574 ,ά
1239 2510 1276 2591 δι’)
1301 2518 1480 2592 περίφρασίς

363 2599 426 2662 ἐστι
449 2605 508 2661 τοῦ
531 2597 690 2676 φάγωμεν.
716 2598 807 2678 ἢκαὶ
831 2596 934 2674 άλλως
957 2598 1110 2680 δηλωτικὰ
1133 2608 1191 2663 τοῦ
1213 2617 1333 2680 φαγεῖν,
1358 2603 1392 2664 ἐκ
1415 2603 1483 2664 τῶν

362 2685 425 2767 πρὸ
449 2685 550 2750 αὐτοῦ
571 2693 623 2751 καὶ
645 2693 709 2764 μετ’
735 2685 814 2751 αὐτά
827 2697 977 2768 πρῶτον
997 2689 1056 2769 γάρ
1073 2713 1118 2764 τις
1132 2690 1328 2770 μνησάμενος
1342 2689 1479 2770 βρώμης,

363 2777 428 2840 εἶτα
451 2775 563 2854 φαγών
594 2775 697 2840 οὐκέτι
728 2778 872 2857 τράχεται
902 2781 983 2862 λιμῷ
1002 2785 1063 2841 ,καλ
1093 2779 1156 2842 ε”στι
1186 2779 1313 2859 τοιαύτη
1344 2783 1482 2856 μέθοδος

364 2871 415 2927 καλ
437 2869 601 2944 πολλαχοῦ
622 2867 695 2946 παρ’
713 2865 845 2949 Ὁμήρῳ,
871 2859 909 2946 ἥν
928 2872 979 2930 καὶ
1003 2867 1220 2949 ὁῈρμογὲνης
1242 2871 1479 2948 ἐπισημαίνεται,

364 2953 520 3018 διδάσκων
543 2955 622 3017 εἶναι’
641 2979 717 3018 ποτε
739 2961 790 3018 καὶ
812 2957 942 3030 μάλιστα
965 2957 1014 3019 ἐπὶ
1037 2961 1103 3020 τών
1124 2956 1167 3038 μὴ
1190 2967 1313 3033 σεμνῶν
1336 2963 1479 3037 σιγᾶσθαι

363 3047 422 3124 μὲν
442 3043 480 3107 τὸ
503 3047 640 3124 πρᾶγμα,
664 3047 837 3124 δηλοῦσθαι
862 3049 894 3108 δὲ
918 3039 1004 3121 ὅμως
1023 3047 1056 3108 ἐκ
1072 3050 1139 3110 τών
1153 3045 1215 3128 πρὸ
1232 3047 1398 3112 αὐτοῦκαὶ
1414 3056 1478 3112 των

363 3135 428 3208 μετ’
453 3130 542 3196 αὐτό.
589 3137 676 3196 Illam
704 3146 798 3210 ortem
821 3140 919 3217 turpia
950 3159 1016 3197 oum
1041 3139 1258 3198 honestioribus
1289 3138 1478 3220 permutandi

365 3227 487 3303 egregie
511 3245 635 3304 gravem
665 3247 828 3286 sermonem
859 3229 963 3288 iuvere
993 3248 1082 3306 porro
1107 3229 1281 3288 Hustethius
1308 3230 1479 3290 observavit

363 3314 402 3373 ar
432 3318 533 3376 usse
566 3313 667 3398 (237),
699 3317 799 3377 ονιι
832 3311 933 3400 (712),
968 3313 1068 3382 Ξιιε
1094 3314 1196 3400 (971),
1228 3322 1323 3394 ynoe
1355 3317 1479 3401 (1469),

363 3408 454 3465 ειοε
481 3400 607 3485 (1526),
631 3409 726 3465 λινε
752 3402 878 3488 (1693),
903 3408 996 3480 0119
1023 3404 1147 3490 (reio).
1222 3439 1227 3460 ·.

452 3493 501 3552 Ad
524 3513 543 3552 κ
558 3495 618 3554 177
636 3497 700 3573 ipse
716 3497 919 3572 Hermogenes
935 3497 1090 3574 proposuit
1105 3496 1143 3555 ad
1159 3497 1303 3556 velandas
1319 3519 1366 3558 res
1382 3501 1480 3558 minus

364 3581 486 3642 decoras
503 3583 811 3664 circumlocutione83
833 3604 870 3646 en
885 3583 963 3644 idem
978 3585 1051 3644 feeit
1067 3587 1241 3646 Hustethius
1258 3591 1293 3646 N
1301 3591 1363 3649 269
1379 3588 1478 3667 (930),

453 3759 463 3789 ¹
493 3755 610 3808 ιἰνιοτών
628 3757 686 3810 cod.

453 3757 475 3898 6
494 3832 528 3883 ο1.
553 3831 577 3880 T
592 3831 643 3882 110
662 3830 764 3899 (1176),
789 3832 814 3880 Τ
827 3833 879 3884 262
897 3831 1002 3900 (1183),
1027 3832 1057 3881 Κ
1073 3834 1126 3884 334
1144 3832 1248 3903 (1680),
1267 3854 1283 3900 γ
1300 3834 1353 3886 403
1372 3832 1474 3900 (1474),

363 3919 378 3949 o
397 3901 431 3954 58
450 3901 549 3970 (1774),
568 3919 590 3970 φ
608 3902 661 3954 254
679 3901 779 3970 (1947),
800 3904 823 3952 A
843 3904 875 3954 31
895 3904 960 3972 (30),
980 3922 995 3952 v
1014 3904 1048 3956 81
1068 3905 1167 3971 (1883),
1188 3905 1273 3957 eset
1293 3903 1374 3972 (7.3),
1393 3903 1473 3970 γ261

362 3971 462 4042 (1466),
481 3973 508 4022 Β
525 3975 577 4026 356
596 3973 678 4041 (237),
699 3976 725 4021 Ξ
740 3974 791 4025 353
810 3973 884 4042 (991)
904 3989 969 4046 sene
989 3973 1079 4040 lepide
1098 3973 1213 4028 dietum:
1239 3975 1286 4025 ἐὰν
1305 3971 1334 4024 δὲ
1353 3971 1384 4023 οδ
1403 3973 1477 4023 πάνυ

362 4041 461 4110 σεμνὸν
480 4042 605 4094 ἐνταῦθα
623 4042 657 4094 τά
674 4041 797 4111 φιλότητι
816 4043 850 4098 ὡς
869 4043 930 4095 οὐδὲ
948 4044 1101 4112 τὸοίγκοὶς
1124 4047 1311 4117 ἔμαρπτενς
1333 4042 1391 4094 dii'
1407 4045 1478 4111 ὅμως

363 4114 410 4165 οὐκ
429 4113 500 4178 εἶχεν
518 4112 603 4168 ἄλλως
624 4114 638 4164 ὁ
655 4115 763 4180 ποιητὴς
781 4115 879 4185 φράσαι
897 4115 947 4167 τὸν
965 4116 1053 4166 τόκον
1072 4119 1172 4168 τοῦτον
1190 4116 1365 4186 σεμνότερον,
1391 4119 1414 4166 εἰ
1433 4121 1476 4166 καὶ

361 4186 443 4256 μύρια
466 4187 564 4252 ἔκαμεν
587 4185 762 4251 εὐσχημονιῦν.
799 4187 923 4242 Eundem
946 4203 1055 4242 versum
1078 4194 1110 4242 nt
1135 4189 1171 4242 sit
1190 4187 1343 4255 exemplum
1363 4192 1476 4242 senten·

361 4258 464 4312 tiorum
484 4258 517 4311 de
537 4257 594 4312 deis
614 4257 710 4312 laudet
727 4259 917 4327 Hermogenes
935 4259 972 4326 11,
992 4261 1087 4325 88121
1108 4261 1151 4329 Sp.

452 4329 474 4398 8)
493 4329 527 4384 ο1.
547 4333 703 4397 praetereo,
730 4346 799 4397 quae
818 4331 1007 4400 Hermogenes
1031 4332 1166 4401 exposuit,
1192 4331 1225 4384 de
1244 4331 1403 4386 inventione
1426 4331 1472 4402 iV,

363 4399 639 4468 HffiffimQ
