3390 5140
779 449 1000 506 ..96-

782 619 927 740 Caput
955 619 999 712 ll.

418 804 478 865 Sed
500 803 650 865 undenam
673 815 758 864 tanta
772 805 864 864 moles
880 805 1121 864 observationum
1138 814 1204 863 orta
1219 803 1286 866 est?
1329 807 1448 866 Dixerit

330 896 479 976 quispiam
496 901 706 956 Alexandrinis
731 897 876 972 originem
901 892 1019 955 dehere.
1057 895 1097 952 ut
1116 905 1187 954 sunt
1201 915 1274 955 sane
1290 894 1447 974 quaedam,

331 1005 411 1064 quae
433 985 614 1044 contulerint
637 985 675 1044 ad
691 982 899 1064 explicandam
915 983 1116 1064 eloquentiam
1132 993 1247 1059 poetae,
1271 984 1324 1044 sed
1339 1003 1446 1065 pauca.

329 1075 406 1134 Nam
438 1094 504 1134 cum
534 1075 741 1134 incumberent
773 1075 956 1154 potissimum
980 1073 1038 1131 arti
1062 1074 1181 1133 criticae
1208 1073 1390 1134 factitandae
1418 1084 1449 1134 et

335 1163 494 1224 verborum
524 1165 777 1244 interpretationi,
811 1165 853 1222 eis
887 1171 1003 1222 tantum
1034 1163 1109 1222 locis
1138 1172 1172 1221 nt
1206 1163 1332 1224 aliorum
1364 1163 1448 1223 disci-

329 1253 478 1334 plinarum
502 1255 545 1313 ita
567 1256 640 1313 artis
662 1254 829 1313 rhetoricae
851 1255 997 1312 rationem
1020 1252 1187 1332 habebant⁷
1212 1253 1266 1312 ubi
1293 1252 1332 1312 ad
1355 1273 1447 1334 quae·

330 1345 442 1404 stiones
462 1344 531 1403 illas
554 1345 670 1403 criticas
685 1345 734 1404 vel
750 1343 960 1422 grammaticas
976 1341 1135 1402 solvendas
1150 1341 1220 1402 inde
1244 1341 1318 1422 quid
1340 1343 1447 1402 redun-

329 1433 424 1493 daret.
471 1434 519 1493 Sic
542 1432 581 1492 ab
599 1433 800 1513 Aristophane
823 1441 854 1491 et
870 1432 1042 1493 Aristarcho
1058 1431 1211 1492 derivatae
1226 1451 1292 1492 esse
1308 1431 1449 1494 videntur

330 1522 536 1582 adnotationes
567 1521 604 1581 de
635 1523 765 1582 transitu
795 1517 857 1582 ἀπὸ
887 1527 947 1582 τοῦ
977 1522 1200 1599 διηγηματικοῦ
1227 1523 1269 1594 εἰς
1299 1518 1337 1582 τὸ
1359 1543 1448 1600 μιμη-

328 1608 426 1674 τικὸν.
472 1611 591 1686 Quibus
614 1613 675 1672 alia
697 1632 795 1692 pauca
818 1613 958 1691 exempla
974 1631 1114 1686 asseram,
1137 1610 1218 1670 unde
1239 1621 1364 1691 apparet
1382 1615 1448 1671 Ari-

330 1701 480 1761 starchum
504 1703 576 1761 artis
599 1702 766 1762 rhetoricae
788 1702 1029 1762 observationem
1052 1720 1111 1760 uon
1142 1702 1233 1780 plane
1262 1701 1446 1782 repudiasse.

425 1791 569 1868 Legimus
593 1793 671 1850 enim
694 1794 726 1850 in
749 1791 868 1852 scholiis
892 1793 1065 1851 Aristonici:
1090 1793 1197 1852 3124
1221 1785 1389 1852 ἀθετεῖται·
1409 1789 1449 1852 οὐ

329 1874 389 1958 γὰρ
417 1877 462 1940 ἐπ’
488 1875 635 1958 ἀληθείας
657 1880 788 1958 λέγεται,
821 1875 888 1941 ἀλλ’
914 1875 1176 1957 ὑπερβολικῶς
1206 1877 1245 1986 pri
1273 1881 1338 1942 τῶν
1361 1878 1447 1942 δεκά-

329 1989 411 2030 τιον·
435 1966 515 2046 πρὸς
537 1975 569 2030 τί
589 1965 649 2031 οὖν
672 1965 770 2048 ὅρκια.
819 1974 855 2030 Α.
887 1975 916 2031 Β
930 1973 993 2031 489
1019 1965 1067 2030 ὅτι
1090 1966 1109 2047 ἡ
1131 1967 1246 2046 ἰδιότης
1274 1976 1327 2048 τῆς
1353 1965 1446 2048 ὑπερ-

329 2059 425 2136 βολῆς
446 2056 610 2137 Ὁμηρικη·
634 2062 686 2120 καὶ
709 2059 742 2121 ἐν
765 2058 938 2139 Ὀδυσσείᾳ·
964 2054 1043 2120 οὐδ’
1070 2061 1102 2119 εἰ
1123 2059 1157 2119 ol
1179 2059 1301 2138 χεῖρές
1324 2081 1359 2120 τε
1382 2058 1447 2120 εἐί-

329 2166 412 2210 κοσι
434 2152 494 2209 καί
516 2147 627 2222 πόδες
655 2147 729 2210 εἶεν
753 2149 787 2229 (μ
810 2152 874 2229 78).
899 2152 935 2211 Α.
975 2156 999 2210 Ζ
1026 2153 1087 2210 154
1112 2145 1130 2226 ἡ
1158 2149 1250 2226 διπλῆ
1278 2145 1358 2226 πρὸς
1390 2145 1449 2226 τὴν

329 2235 564 2315 ἐπανάληψιν
587 2240 645 2299 τοῦ
671 2234 856 2311 ὀνόματος·
880 2242 929 2299 καί
953 2230 1001 2299 ὅτι
1024 2237 1058 2300 ἐν
1081 2234 1185 2299 Ἰλιάδι
1215 2237 1354 2314 συνεχῶς
1372 2251 1449 2310 -τοῖς

328 2324 537 2404 ἐπαναληψεσι
565 2329 723 2406 κέχρηται,
754 2327 788 2388 ἐν
816 2328 850 2388 δὲ
873 2323 1023 2408 Ὀδυσσείᾳ
1055 2321 1139 2402 ἅπαξ
1165 2325 1231 2388 κατ’
1257 2323 1373 2406 ἀρχάς·
1391 2331 1448 2390 Αί-

329 2421 462 2488 θίοπες
484 2421 543 2476 τοί
564 2416 676 2492 διχθά
701 2418 734 2501 (οι
757 2414 852 2501 ihil)
875 2419 912 2478 A.
959 2420 1061 2480 [1282
1085 2415 1254 2499 κυάνεαι]
1279 2409 1327 2479 ὅτι
1350 2415 1448 2497 Ζηνό-

330 2508 423 2578 δοτος
446 2504 581 2583 γράφει·
606 2503 741 2584 ἡρώιον
773 2505 939 2568 σάκεσιν·
970 2507 1078 2584 γέγονε
1102 2508 1135 2568 δὲ
1159 2504 1451 2586 ἀντιπαράθεσις

329 2595 386 2655 τοῦ
401 2594 562 2668 μέλανος
584 2596 698 2671 νέφους
712 2593 792 2675 πρὸς
808 2593 846 2658 τὸ
861 2593 1036 2658 κυάνεαι·
1060 2603 1156 2658 τοῦτο
1173 2598 1206 2658 δὲ
1230 2593 1300 2658 οἷον
1323 2594 1447 2658 πυκνά·

328 2684 359 2744 αἱ
383 2681 442 2762 γὰρ
466 2682 569 2763 ἀραιαί
592 2685 716 2762 νεφέλαι
740 2687 882 2763 διαυγεῖς.
906 2689 942 2748 Α.
991 2694 1018 2749 Γ
1039 2692 1080 2748 46
1105 2687 1186 2759 τινες
1209 2681 1287 2746 κατὰ
1317 2685 1449 2748 πεῦσιν

329 2777 379 2833 καί
401 2772 669 2859 cooperato-2)
714 2777 860 2849 τοιοῦτος
883 2771 930 2838 ὢν
958 2773 1070 2852 δειλὸς,
1104 2771 1291 2852 συναγαγών
1317 2781 1447 2854 πλῆθος,

328 2859 465 2924 διελθών
486 2864 629 2946 πέλαγος,
654 2878 788 2942 γυναῖκα
812 2860 928 2943 ἀνδρὸς
949 2871 1120 2941 πολεμικοῦ
1142 2861 1261 2945 ἤγαγες,
1286 2866 1333 2947 τῷ
1355 2868 1448 2944 πατρί

329 2955 380 3013 καὶ
403 2965 468 3026 τοῖς
492 2949 597 3027 ἄλλοις
613 2952 712 3016 κακὸν
727 2955 821 3032 μέγα·
839 2955 903 3017 εἶτα
918 2952 980 3017 ἀπὸ
1005 2950 1099 3033 ἄλλης
1115 2951 1228 3033 ἀρχῆς·
1251 2950 1319 3015 οὐκ
1342 2949 1385 3015 ἷίν
1405 2952 1447 3032 δὴ

328 3046 491 3117 μείνειας
515 3040 756 3128 Μενέλαον3)·
781 3042 919 3124 ἠθικῶς
941 3043 1018 3119 μετὰ
1040 3043 1177 3117 πεύσεως
1196 3040 1214 3121 ἢ
1238 3046 1447 3119 διαβεβαιου-

329 3137 408 3203 κοίς·
434 3134 511 3204 τινὲς
535 3131 567 3194 δὲ
591 3128 626 3195 τὸ
643 3135 706 3194 πᾶν
730 3126 852 3208 οὕτως·
876 3131 932 3197 τὸν
955 3129 973 3213 ἢ
997 3131 1099 3219 oluff)
1124 3135 1181 3194 τοῦ
1195 3135 1240 3194 εί·
1265 3134 1293 3194 εί
1305 3139 1448 3206 τοιοῦτος

328 3217 377 3281 ὢν
398 3219 589 3303 ἐπηγάγουῦ)
612 3225 734 3301 πλῆθος
757 3227 808 3284 καί
831 3222 893 3286 ἀπὸ
916 3224 1004 3302 ξένης
1027 3225 1082 3302 γης
1105 3235 1237 3300 γυναῖκα
1260 3218 1376 3301 ἀνδρὸς
1390 3243 1447 3284 πο-

329 3315 457 3383 λεμικοῦ
479 3306 599 3388 ἤγαγες,
624 3308 684 3374 οὐκ
708 3309 747 3375 ἂν
770 3311 963 3387 δπομείνειας
989 3309 1048 3375 τὸν
1075 3309 1187 3392 ταύτης
1206 3306 1333 3390 Ιἄνδρα.
1359 3308 1447 3373 lirul

327 3403 488 3478 προκρίνει
504 3398 653 3481 Madasara
669 3397 713 3475 ὡς
728 3407 849 3476 μᾶλλον
864 3399 922 3481 την
946 3405 1204 3478 δικαιολογίαν
1220 3400 1303 3477 ἕχον.
1329 3399 1445 3485 AGlfl)

330 3495 358 3552 B
369 3492 431 3550 229
448 3489 497 3551 ἐπί
512 3488 642 3574 χρόνον]
657 3486 705 3552 ὅτι
722 3490 900 3570 Ζηνόδοτος
915 3489 1024 3571 γράφει
1039 3488 1094 3553 ’ἑτι
1109 3491 1252 3569 χρόνον
1272 3487 1445 3565 ἀπιθάνως·

329 3576 484 3654 ἔμφασις
515 3575 574 3658 γὰρ
598 3584 714 3656 γίνεται
737 3583 860 3643 πολλοῦ
889 3580 1009 3661 χρόνον
1040 3578 1091 3643 διὰ
1121 3589 1180 3643 τοῦ
1202 3580 1256 3643 ἔτι.
1281 3584 1318 3642 Α.
1365 3585 1444 3643 Α29

329 3665 400 3728 καθ’
426 3665 519 3731 ἑαυτὸ
543 3675 639 3732 τοῦτο
662 3670 903 3749 προφερόμεθα·
928 3675 980 3732 καί
998 3668 1057 3750 γὰρ
1081 3669 1362 3750 ἐμφαντικώτερον.
1380 3673 1445 3734 AD.

330 3896 362 3947 X
391 3909 397 3923 .
420 3824 537 3948 ¹){dem
561 3827 589 3881 in
612 3828 638 3882 A
661 3829 784 3885 refertur
809 3830 843 3883 ad
871 3830 969 3897 3837,
994 3831 1019 3880 Z
1029 3832 1089 3897 396,
1115 3833 1147 3882 H
1155 3833 1213 3898 138,
1238 3830 1273 3880 M
1281 3830 1324 3897 96,
1352 3832 1445 3897 Y372‚

374 3899 441 4034 12853)
460 3901 578 4024 offis
597 3970 627 4021 οὐ
646 3971 746 4027 inserit
766 3971 797 4028 G.

420 4040 440 4110 3)
460 4056 511 4097 om.
532 4041 563 4097 G.

418 4110 441 4252 ἒξ
460 4130 511 4235 {pv
527 4113 725 4239 ίσιηεν(ί,6λίίοοΙε
745 4115 867 4170 correxit
885 4114 936 4166 τὸν
954 4114 1101 4184 σύνδεσμον
1121 4116 1142 4182 ἦ.

399 4256 440 4338 ,0)
459 4204 641 4339 Alllalrdrini
652 4257 733 4327 primi
745 4259 998 4327 interpunctionem
1016 4260 1050 4314 ad
1064 4260 1228 4315 declaranda
1246 4264 1346 4329 poetae
1359 4261 1445 4316 verbs

330 4333 359 4380 et
381 4342 440 4382 erus
464 4335 584 4384 virtutes
609 4330 784 4398 exponendas
809 4331 967 4386 adhibuisse
991 4331 1130 4400 videntur,
1158 4333 1231 4400 quod
1258 4330 1299 4387 eis
1323 4347 1444 4390 summae

329 4397 404 4453 leudi
422 4399 599 4456 tribuendum
617 4407 668 4458 est.
