3356 5150
207 627 403 706 grediendnm
434 637 488 709 est,
520 630 592 709 quis
622 627 717 688 verbe
744 627 896 688 Eustethii
925 628 1104 709 plerumque
1135 629 1324 688 consentiunt

208 738 275 780 cum
299 719 427 791 scholiis,
460 738 539 799 quse
569 738 630 778 non
657 738 696 779 ex
718 717 910 796 Hermogene
938 717 1074 778 derivate
1105 737 1169 778 esse
1200 725 1322 779 constat.

295 808 379 869 Hoec
399 809 462 868 fere
481 808 584 882 habui,
608 825 687 888 quoe
702 806 829 867 dicerem
843 805 880 867 de
891 808 1016 881 ratione,
1038 827 1117 888 quoe
1128 805 1324 868 intercederet

206 899 286 958 inter
307 897 498 958 Hustnthinm
522 906 552 957 et
567 897 796 974 Hermogenem.
834 898 937 977 Atque
956 897 982 957 si
1004 898 1126 976 cognite
1148 897 1208 956 iem
1232 917 1323 956 conse
1357 929 1360 936 Δ

205 988 302 1047 enimc
334 987 556 1067 perlustramus,
589 1006 667 1067 quee
698 986 876 1062 invenimus,
908 1006 994 1067 spero
1026 1006 1127 1047 omnes
1159 1006 1225 1046 esse
1256 1006 1322 1046 con-

207 1096 342 1137 cessuros
373 1086 454 1137 recte
483 1097 537 1136 nos
568 1078 706 1136 statuisse
728 1076 919 1136 Eustathium
950 1075 1040 1156 plone
1069 1096 1108 1136 ex
1130 1076 1323 1153 Hermogene

206 1165 346 1246 pendere.
393 1165 471 1226 Nam
496 1185 694 1247 quaecunque
717 1163 755 1224 de
777 1163 852 1226 ideis
876 1164 1017 1245 disputat,
1050 1167 1161 1246 optime
1185 1167 1323 1226 conveni-

205 1265 261 1316 unt
282 1255 543 1335 Hermogenianae
575 1255 759 1336 disciplinae,
791 1274 891 1335 nequo
914 1255 985 1314 licet
1008 1263 1112 1314 eontra
1136 1253 1234 1315 dicere
1264 1255 1322 1314 uu-

206 1345 349 1405 stathium
371 1345 582 1406 nonnullorum
605 1343 740 1405 idearum
771 1345 834 1405 fere
860 1344 973 1404 nullam
996 1344 1142 1404 rationem
1165 1344 1321 1420 habuisse;

206 1453 275 1494 nem
299 1434 349 1494 ille
374 1435 431 1496 sibi
454 1437 609 1516 proposuit
631 1444 750 1515 poetam
772 1435 933 1515 explicare,
958 1453 1019 1493 non
1042 1434 1181 1514 exempla
1203 1433 1243 1492 eb
1260 1432 1322 1494 Ηο-

204 1543 285 1584 mero
309 1525 405 1605 pstite
428 1526 579 1602 colligere,
612 1525 721 1604 quibus
750 1522 988 1604 unumquodque
1020 1525 1207 1584 enuntiatum
1230 1522 1321 1582 libro·

203 1633 269 1674 rum
292 1613 491 1692 Hermogenis
514 1613 552 1673 de
573 1611 648 1674 ideis
672 1611 822 1694 probaret.

293 1703 353 1764 Sed
376 1715 476 1763 temon
501 1704 762 1782 operaepretium
785 1711 830 1762 est
853 1703 1022 1776 observare,
1055 1723 1130 1782 quas
1153 1700 1236 1761 idees
1259 1702 1322 1762 fere

204 1793 322 1854 silentio
345 1793 507 1865 transierit,
540 1793 669 1870 quasin
692 1791 824 1851 Homero
855 1793 1039 1868 investigare
1069 1793 1101 1851 in
1133 1790 1245 1852 deliciis
1268 1790 1322 1850 he·

203 1883 311 1945 buerit.
346 1880 468 1939 Summa
484 1888 542 1942 est:
560 1900 627 1939 raro
644 1881 772 1939 inveniri
788 1875 899 1957 άκμὴν,
916 1878 1128 1958 λαμπρότητα,
1152 1879 1321 1954 ἐπιείκειαν,

204 1968 385 2049 δριμύτητα,
417 1970 547 2029 omnium
574 1971 746 2050 saepissime
777 1989 845 2029 eum
875 1969 1029 2029 induxisse
1059 1966 1247 2047 σεμνότητα·
1277 1990 1322 2030 se·

204 2067 340 2140 quuntur
355 2055 517 2140 γοργότης,
542 2057 666 2133 κάλλος,
691 2054 854 2137 γλυκύτης,
879 2051 1014 2134 ἀφέλεια.
1059 2058 1119 2118 Sed
1141 2077 1257 2132 caveas,
1283 2079 1322 2119 ne

204 2146 281 2206 illud
297 2149 378 2207 casui
394 2147 516 2212 tribuas.
561 2149 690 2209 Necesse
706 2150 786 2209 enim
802 2158 856 2221 est,
881 2168 1001 2208 carmen
1016 2147 1167 2208 heroicum
1184 2149 1321 2229 colorem,

205 2256 265 2317 quo
289 2234 440 2297 auditores
464 2240 573 2320 capiet,
606 2236 716 2300 debere
739 2240 836 2299 iustae
858 2238 997 2298 mixtioni
1020 2236 1176 2316 dignitatis
1207 2247 1238 2297 et
1260 2237 1321 2298 ele·

205 2327 326 2404 guntiae
343 2329 496 2388 sermonis.
536 2326 622 2405 Quod
638 2329 698 2388 iam
713 2328 921 2405 Hermogenes
936 2329 1099 2409 perspexit,
1123 2328 1167 2387 itu
1182 2336 1216 2387 ut
1232 2328 1321 2386 etiem

206 2416 376 2496 frequentis
405 2416 555 2493 locorum,
586 2417 695 2498 quibus
718 2417 857 2494 singulae
878 2414 965 2478 ideoe
995 2425 1171 2491 occurrunt,
1202 2417 1322 2477 evincet

200 2504 392 2566 Eustethium
423 2507 462 2566 ob
493 2507 684 2585 Hermogene
715 2526 780 2568 esse
811 2508 986 2587 proiectum.
1032 2507 1107 2568 Vult
1138 2507 1216 2568 enim
1244 2506 1319 2566 Her·

200 2615 342 2673 mogenes
373 2596 623 2672 magnitudinem,
661 2598 854 2668 suavitatem,
889 2597 1109 2675 simplicitatem
1144 2593 1320 2656 lundomen-

200 2693 265 2745 tum
301 2685 388 2764 quasi
422 2704 487 2746 osse
526 2685 663 2746 dictionis
699 2687 843 2765 poeticae.
899 2685 1081 2745 Testimonio
1121 2686 1185 2745 eius
1224 2687 1319 2765 ipsius

200 2773 295 2834 verbe
325 2771 428 2856 sint:¹)
464 2779 561 2836 ταῦτα
592 2775 624 2836 δὲ
654 2777 706 2835 καὶ
735 2773 832 2836 πλέον
864 2772 924 2850 ἔχει
954 2795 984 2834 τι
1015 2769 1081 2834 κατ’
1106 2771 1231 2834 ἔννοιαν
1262 2775 1320 2836 τού

200 2859 336 2938 άφελοός
353 2907 361 2922 .
379 2858 471 2938 ἐγγύς
493 2862 552 2941 γάρ
576 2862 637 2924 ἐστι
660 2862 867 2942 γλυκύτητος,
900 2858 1022 2924 διὸκαὶ
1047 2861 1210 2939 πλεονάζει
1233 2860 1319 2941 παρά
1365 2857 1368 2860 ’

200 2963 268 3026 τοῖς
290 2964 458 3029 ποιηταῖς.
476 2955 503 3016 εἰ
524 2955 556 3016 δὲ
587 2951 648 3030 ἔχει
676 2948 749 3032 παρ’
774 2953 902 3026 ἐκείνοις
932 2952 1030 3014 ταύτα
1053 2955 1104 3014 καὶ
1125 2952 1257 3029 μέγεθος
1280 2950 1319 3013 ού

199 3041 248 3103 δεῖ
269 3039 451 3118 θαυμάζειν.
497 3044 536 3104 Ht
552 3044 644 3104 multo
661 3043 859 3106 manifestius:
885 3037 1028 3104 ότοίνυν
1054 3038 1219 3114 κάλλιστος
1241 3063 1317 3105 παν·
1402 3065 1405 3073 ’

199 3126 357 3210 ηγυρικός,
397 3133 482 3192 cuius
512 3135 644 3192 carmine
674 3142 744 3193 sunt
770 3134 899 3214 species,
939 3144 1006 3204 ταῖς
1030 3133 1088 3206 μὲν
1116 3125 1151 3194 τό
1186 3130 1319 3208 μέγεθος

198 3219 360 3294 ποιούσαις
392 3219 486 3296 ἰδέαις
519 3219 602 3300 πλὴν
640 3213 831 3300 τραχύτητος
868 3225 920 3282 καὶ
953 3218 1170 3301 σφοδρότητος
1203 3225 1318 3298 γίνεται

198 3309 316 3383 πάσαις,
342 3307 454 3388 διήκειν
478 3310 602 3384 δέπας
623 3307 683 3391 χρὴ
707 3307 758 3374 διά
780 3309 906 3374 τούτων
928 3305 986 3388 την
1009 3307 1154 3386 ἀφέλειαν
1173 3307 1211 3384 μό
1231 3309 1317 3372 ἐλατ·

199 3398 353 3477 τουμένην
376 3394 482 3462 αὐτῶν
504 3399 679 3479 ποσότητος
700 3397 798 3476 ἕνεκα,
822 3397 906 3480 πλὴν
927 3391 1008 3462 ὅπου
1024 3404 1173 3478 καθαρῶς
1187 3399 1318 3478 ἐξαίρειν

199 3483 376 3563 τὸνλόγον
406 3492 446 3562 εἰς
473 3486 646 3568 σεμνότητα
669 3492 738 3554 δεῖ.
756 3490 788 3551 αἱ
818 3491 852 3551 δὲ
882 3487 1071 3568 γλυκύτητες
1097 3488 1180 3568 εἴπερ
1204 3483 1319 3551 άλλοθί

198 3597 262 3638 που
285 3572 397 3657 καιρόν
418 3577 556 3640 ἐνταῦθα
578 3577 683 3655 ἔχουσι
706 3576 838 3653 μάλιστα
861 3586 927 3641 κτλ.

288 3667 373 3742 Quae
404 3667 503 3729 adhuc
533 3690 572 3729 ex
603 3680 743 3730 accurato
771 3671 843 3729 ortis
874 3670 1134 3746 Hermogenienee
1165 3687 1231 3728 cum
1255 3668 1316 3728 Hu-

199 3757 302 3818 stethii
314 3756 415 3816 verbis
427 3759 649 3838 comparatione
661 3759 870 3838 conclusimus,
885 3769 1033 3838 postremo
1045 3767 1222 3836 argumento
1235 3756 1316 3818 houd

199 3845 415 3906 contemnendo
447 3846 616 3914 fulciemus.
662 3849 732 3928 Ipse
763 3850 841 3908 enim
865 3848 1041 3908 Hustethius
1072 3856 1215 3928 quattuor
1244 3846 1316 3907 locis

198 3937 320 4017 fatetur,
344 3957 377 4002 se
400 3935 626 4022 Hermopenem
650 3960 714 4005 esse
737 3943 887 4006 gemitum.
926 3938 1060 4013 Quorum
1080 3938 1193 4016 primus
1216 3945 1317 3996 exstet

198 4031 228 4086 K
240 4028 304 4087 330
328 4023 434 4106 (809)=
459 4015 507 4086 ότι
528 4024 632 4088 πολλὰ
661 4030 713 4088 καὶ
744 4021 828 4088 otro
858 4029 1097 4105 σχηματίζονται
1127 4023 1208 4105 πρὸς
1230 4030 1315 4103 λελη-

197 4118 295 4176 θυῖαν
309 4111 441 4191 ἔμφασιν
457 4116 550 4192 δηλοῖ
561 4119 612 4177 καλ
633 4112 820 4196 Ἑρμογένης
842 4115 946 4200 ἐντῷ,
971 4119 1021 4178 καὶ
1044 4121 1103 4177 τοῦ
1125 4119 1239 4192 μοίχου
1262 4119 1314 4176 λα-

198 4202 331 4280 βόμενος
352 4200 465 4279 ἐβόων,
497 4194 524 4265 τό
554 4202 683 4286 πάτερ,
715 4203 758 4268 σύ
789 4207 826 4268 δὲ
857 4196 896 4285 ἧς
926 4200 1114 4279 ούδομοῦ·
1142 4204 1232 4283 μέχρι
1255 4199 1315 4281 γάρ

289 4396 365 4468 ¹)1n
384 4398 445 4466 τοι,
463 4397 495 4468 ο;
513 4397 575 4467 cos,
594 4396 629 4452 or
648 4396 694 4468 sp.
