3356 5150
811 455 1029 516 ..43-

362 653 380 693 e
402 632 540 714 pertibus
562 634 771 707 Troianorum,
802 650 900 715 porro,
931 634 961 700 si
989 651 1196 718 provocamus
1218 633 1260 700 (τά
1282 651 1479 701 commeream

360 746 456 792 etcum
479 728 499 786 Ι
509 725 549 786 33
574 724 676 803 (733),
702 741 828 803 quocum
853 723 1019 801 coniungas
1041 727 1071 784 K
1084 727 1147 784 114
1170 720 1272 807 (793).

448 814 609 874 Ρ12222122
638 813 814 873 Eustathius
846 811 959 872 detexit
993 812 1119 873 colorem
1150 811 1361 874 moderationis
1392 815 1479 874 1122

359 898 441 988 (31),
465 904 563 964 nete
588 901 689 982 (491),
713 906 748 963 N
757 903 818 963 269
845 899 948 985 (939).

449 993 592 1052 Maiorem
614 993 743 1052 fructum
767 992 930 1071 capiemus,
954 991 979 1051 si
1002 989 1174 1052 conabimur
1197 1011 1235 1051 ex
1254 991 1415 1052 Eustethio
1435 1011 1479 1052 re·

361 1083 493 1163 stituere,
510 1101 589 1162 ques
600 1083 806 1158 Hermogenes
819 1079 952 1141 docuerit
970 1087 1006 1142 de
1018 1087 1147 1143 veritate
1167 1078 1359 1162 (άλάθεια).2)
1391 1081 1478 1156 Quod

361 1181 452 1252 capnt
476 1173 680 1250 Hermogenes
704 1173 850 1250 incipiens
873 1171 970 1231 tribus
998 1173 1092 1230 utitur
1114 1171 1238 1231 vocibus
1262 1172 1351 1250 piene
1375 1170 1478 1232 eodem

361 1281 464 1322 sensus
504 1256 522 1322 δ
553 1257 733 1334 ἐνδιάθετος
762 1263 813 1321 καὶ
843 1255 962 1338 ἀληθὴς
998 1262 1048 1320 καὶ
1088 1257 1159 1321 οἷον
1195 1257 1338 1336 έμψοχος
1375 1259 1476 1336 λόγος.

361 1353 468 1432 Aeque
499 1352 577 1410 inter
608 1348 799 1423 ἐνδιάθετος,
836 1344 967 1428 ἀληθὴς,
998 1346 1140 1426 έμψνχος
1177 1350 1257 1430 apud
1288 1351 1478 1410 Eustethium

359 1441 476 1501 nullum
504 1439 662 1500 discrimen
694 1449 753 1514 est,
786 1437 937 1499 adamavit
964 1449 1063 1500 temen
1088 1459 1234 1519 usurpare
1256 1438 1479 1520 ένδιαθέτως.2)

450 1529 624 1590 Sententiae
647 1531 783 1590 veritatis
807 1531 935 1610 speciem
958 1549 1032 1609 pree
1054 1549 1087 1588 se
1110 1530 1239 1590 ferentes
1262 1537 1330 1590 sunt
1352 1531 1479 1609 primum

362 1616 478 1680 έννοιοιι
501 1622 730 1696 σχετλιαστικαί,
761 1619 870 1700 quibus
894 1619 944 1679 vel
970 1617 1137 1692 indignatio
1161 1619 1211 1678 vel
1234 1619 1358 1698 querele
1381 1619 1479 1679 excle-

362 1710 493 1769 matione
516 1711 701 1789 exprimitur.
746 1708 834 1770 Unde
862 1711 1006 1789 sequitur,
1039 1717 1073 1768 ut
1096 1713 1132 1769 Ν
1139 1711 1201 1770 233
1228 1704 1321 1794 (929)
1345 1717 1375 1768 22
1400 1713 1478 1770 Ρ19

362 1796 480 1882 (1092)
503 1809 582 1859 12222
604 1798 780 1858 Eustathius
803 1801 922 1858 veritati
942 1797 1179 1878 vindicaverim)

451 1888 533 1963 Ques
558 1909 597 1948 ex
619 1898 727 1948 natura
750 1889 793 1948 rei
816 1889 971 1968 excipiunt
987 1889 1218 1955 exsecrationes
1242 1887 1337 1949 δ648
1355 1887 1479 1967 (1513),

362 1981 458 2056 0494
483 1977 606 2058 (1229),
632 1982 731 2039 2221
758 1972 862 2060 (242),
892 1981 975 2038 xeo
999 1978 1112 2058 (1256)
1136 1987 1166 2037 et
1186 1978 1396 2060 precationes,
1421 1995 1480 2056 que

362 2069 522 2127 transimus
552 2067 589 2126 ad
617 2065 799 2146 methodum,
828 2073 864 2128 Π
872 2071 911 2128 21
938 2067 1062 2145 (1042),
1091 2070 1192 2128 Poto
1218 2066 1346 2148 (1121),
1374 2069 1479 2126 Σ272

363 2159 487 2238 (1142),
519 2161 626 2218 12465
652 2155 776 2239 (1359).
824 2155 883 2215 Sed
911 2158 1022 2236 optime
1053 2155 1102 2214 hic
1131 2165 1233 2216 monet
1260 2157 1479 2232 Hermogenes:

362 2243 401 2307 τά
423 2241 465 2322 μέ)
480 2246 643 2324 προλέγειν
658 2242 732 2324 μηθ’
751 2241 795 2319 ὠς
811 2239 924 2317 ’άμννσί
937 2265 990 2320 τις,
1016 2239 1081 2306 ἀλλ’
1101 2241 1208 2318 ἁπλοῖς
1231 2241 1301 2306 οἷον
1323 2243 1481 2318 ἐμπίπτειν

363 2337 404 2409 εἰς
427 2330 484 2396 τὸν
499 2331 606 2412 ὅρκον,
630 2330 704 2412 μηθ’
723 2329 767 2406 (ὃς
782 2329 902 2409 mseras
916 2355 960 2408 τις
975 2329 1041 2396 ἀλλ’
1061 2329 1167 2407 ἁπλῶς
1181 2329 1363 2414 παραπεσὸν
1377 2328 1481 2410 εδχεσ-

362 2420 458 2507 ears)
506 2424 624 2485 Oretori
652 2443 724 2502 ergo
747 2423 777 2484 id
801 2424 950 2502 agendum
975 2435 1030 2508 est,
1062 2435 1096 2484 ut
1118 2425 1277 2484 videantur
1307 2425 1406 2485 omnic
1429 2425 1481 2484 illa

363 2516 512 2574 vertitatis
534 2515 682 2594 praesidia
713 2535 751 2573 ex
773 2515 838 2594 ipso
869 2513 994 2574 dicentis
1024 2517 1123 2574 enimc
1154 2514 1210 2574 hoo
1239 2515 1304 2590 ipso
1334 2523 1478 2574 momento

365 2605 517 2680 gravitate
540 2605 584 2663 rei
607 2605 721 2663 inciteti
738 2605 825 2684 qussi
840 2604 995 2684 profluere.
1036 2603 1131 2679 Quam
1151 2604 1301 2664 fictionem
1317 2605 1475 2664 Homerum

363 2695 394 2752 in
422 2693 587 2772 legentium
619 2695 724 2753 animis
755 2695 867 2773 optime
897 2696 1029 2753 excitare
1059 2713 1147 2773 posse
1177 2713 1264 2754 nemo
1293 2694 1477 2756 infitiabitur.

453 2783 567 2858 Quanti
583 2793 680 2848 autem
697 2784 904 2860 Hermogenes
926 2782 1001 2844 illud
1024 2791 1216 2885 praeceptum
1241 2782 1279 2842 ed
1296 2783 1481 2844 efficiendam

364 2874 521 2934 veritatem
538 2874 748 2944 aestimaverit,
772 2873 910 2932 manifest
899 2883 960 2932 tum
983 2873 1017 2931 fit
1007 2886 1079 2933 tex
1102 2874 1153 2951 eis,
1179 2893 1258 2953 quae
1278 2874 1338 2931 iem
1351 2893 1482 2977 sequun-

364 2973 428 3025 tur:
435 2959 460 3041 2)
492 2958 599 3034 essee
626 2982 659 3022 τε
682 2952 759 3039 άπερ
782 2958 861 3038 έοην
882 2956 942 3022 κάν
965 2973 1032 3033 τοῖς
1053 2961 1298 3040 προειρημένοις,
1328 2952 1482 3040 adagelo

336 3092 338 3097 ·
364 3052 502 3130 μέθοδος
524 3048 623 3128 λόγον
647 3051 705 3110 τοῦ
726 3049 896 3124 μέλλοντος
926 3047 970 3124 ὡς
993 3046 1120 3130 άληθῶς
1149 3049 1295 3127 ἐμψύχου
1318 3055 1483 3126 φανεῖσθαι

366 3135 402 3202 τὸ
425 3137 466 3217 μὴ
489 3140 651 3218 προλέγειν
673 3135 778 3213 μένι
754 3161 798 3213 ως
820 3138 880 3215 έχει
896 3161 923 3200 τι
939 3138 1043 3214 πάθος
1058 3139 1146 3202 ἐν
1107 3163 1146 3218 eg
1161 3141 1258 3218 ψυχῇ,
1284 3137 1353 3201 οῖον
1375 3141 1483 3214 θαῦμα

366 3225 512 3306 ἢφόβον
534 3222 552 3306 ἢ
577 3223 675 3307 ὀργὴν
704 3226 722 3306 ἢ
746 3227 847 3307 λάπην
871 3224 890 3308 ἢ
912 3227 1009 3304 dison,
1041 3227 1059 3308 ἢ
1083 3234 1270 3308 πεποίθησιν
1301 3223 1484 3308 ἢάπιοτίαν

365 3313 383 3377 d
408 3315 617 3396 dresdensem
641 3313 705 3396 ἢτί
719 3317 964 3393 τῶντοιούτων,
989 3319 1187 3394 πεποιθότως
1202 3341 1236 3396 γε
1251 3315 1312 3397 μὴν
1334 3317 1484 3398 προάγειν

367 3403 424 3470 τὸν
447 3406 554 3484 λόγον,
579 3403 622 3481 ὡς
646 3403 685 3469 do
708 3406 850 3487 δκαιρὸς
866 3405 989 3487 ἀπαιτῇ,
1013 3407 1084 3472 οἷον
1106 3407 1169 3484 μετ’
1188 3404 1282 3487 ὀργῆς
1306 3402 1483 3488 ἢθιινμαο-

365 3498 429 3571 μοῦ
445 3492 464 3574 ἴ
482 3517 568 3570 τινος
583 3503 648 3558 τῶν
663 3499 907 3578 προειρημένων.
954 3499 1143 3560 Addiscimus
1157 3500 1251 3576 igitur
1265 3499 1399 3584 effeetus
1414 3498 1483 3559 huic

365 3587 451 3647 ideae
481 3589 591 3668 optime
623 3609 689 3648 esse
712 3591 936 3666 convenientes,
969 3589 1208 3668 admirationem,
1240 3601 1365 3672 metum,
1397 3591 1481 3670 irem,

365 3677 487 3751 luctum,
519 3676 760 3752 misericordium,
790 3679 939 3753 fiduciam¹
973 3678 1092 3738 similes.
1140 3677 1274 3752 Quorum
1298 3698 1338 3737 ex
1359 3698 1484 3738 numero

368 3766 543 3828 Eustathius
567 3769 712 3848 exemplis
736 3789 774 3828 ex
797 3769 927 3829 Homero
959 3769 1060 3848 petitis
1090 3767 1231 3846 probavit
1261 3766 1483 3828 admirationem

457 3906 467 3938 ¹
498 3907 535 3973 11,
555 3908 640 3962 etos
706 3908 750 3961 S

457 3977 467 4008 2
497 3922 767 4062 Ar’tsttdesqdroqir'e
790 3977 878 4032 multe
900 3978 1020 4048 profert,
1044 3977 1078 4032 de
1098 3977 1196 4046 quibus
1215 3979 1265 4032 hoc
1289 3979 1350 4032 loce
1369 3978 1484 4033 Hermo-

366 4063 451 4118 genes
470 4049 595 4117 disserit‚
622 4049 671 4104 sed
689 4049 774 4104 variis
798 4049 866 4104 locis
890 4051 1022 4118 disperse.
1060 4051 1152 4118 lpsem
1175 4066 1270 4106 vocem
1294 4047 1383 4116 ἀλήθε
1371 4070 1411 4101 rra
1429 4066 1485 4104 non

365 4094 845 4190 1121122)21.Β211’111,2212,2112οο.

457 4192 481 4263 2)
501 4193 608 4247 81122112
624 4165 698 4247 illud
717 4193 765 4246 sed
784 4193 897 4262 elegans
917 4192 1063 4250 discrimen
1082 4192 1265 4264 Hermogenis
1284 4194 1358 4248 inter
1375 4197 1485 4248 senten-

368 4264 437 4319 tiam
456 4263 891 4406 ῗ)11Ι1221ιοι111118212121112112112
910 4265 1038 4320 1221222
1058 4267 1188 4322 omittere
1206 4280 1360 4334 possumus.

458 4407 615 4476 2)Π,318,
635 4410 651 4460 3
672 4407 716 4475 Sp
