3356 5150
634 467 851 527 ..53-

184 651 235 710 nal
257 643 351 720 αύτός
373 644 431 725 τὴν
456 652 519 706 τῶν
543 636 654 707 όπλων
677 643 789 723 ζητὴση
814 641 947 721 άμειψιν,
973 641 1017 719 ὡς
1040 641 1220 724 ῥηθήσεται,
1253 648 1305 706 καὶ
1326 717 1328 720 ⁸

186 736 336 814 δοκιμάσῃ
353 735 411 798 τὸν
430 735 585 808 Γλαῦκον,
610 737 638 796 εἰ
657 730 699 812 μὴ
722 733 820 796 ἐθέλει
836 732 972 814 τὴντῶν
987 736 1133 811 πατέρων
1148 732 1304 810 αἰσχύνειν

185 823 306 905 άρετὴν.
353 833 384 888 Π
400 828 463 886 543
489 824 618 904 (1074);
650 829 814 900 σημείωσιν
838 826 870 885 δὲ
894 820 931 886 τό
953 820 1015 886 ὑπὸ
1039 821 1216 905 Πατρόκλῳ
1241 821 1303 884 δά·
1368 819 1373 830 ’

183 931 288 989 μασε,
317 913 495 992 δεινότητος
518 907 555 975 όν
578 909 753 992 Ὁμηρικῆς,
787 911 825 976 δι’
851 907 886 991 ἧς
915 909 974 992 η’δη
1003 907 1126 991 άρχεται
1151 915 1305 976 διοικονο-

183 1010 307 1080 μεῖσθαι
331 1003 388 1082 την
410 1027 443 1065 τε
467 1004 524 1065 τού
546 1001 736 1082 Πατρόκλου
761 1009 885 1066 πτῶσιν
908 1005 959 1064 καὶ
983 999 1039 1080 τὴν
1063 1004 1120 1064 τοῦ
1144 1001 1306 1078 Ἀχιλλέως

183 1093 296 1170 ἔξοδον
319 1097 360 1168 εἰς
382 1091 495 1172 μάχην.
543 1098 621 1154 589
646 1089 773 1174 (1393),
799 1094 896 1154 δ391
916 1091 1038 1177 (1501),
1064 1114 1084 1154 ν
1104 1097 1164 1155 190
1182 1090 1303 1176 (1738),

183 1206 207 1245 π
225 1188 286 1246 151
311 1179 436 1268 (rrae),
459 1186 539 1256 aar
565 1178 696 1267 (1706),
719 1203 743 1244 π
760 1184 798 1244 31
826 1181 955 1265 (1155),
979 1187 1048 1246 aar
1076 1180 1202 1265 (1511),
1228 1185 1304 1244 555

185 1268 1038 1357 (1115),Η1ε(εο5),5154(1151),51155115),
1060 1270 1304 1354 mammea).

278 1363 389 1424 Crebro
417 1361 593 1423 Eustathius
620 1382 722 1421 rocem
754 1359 931 1440 δεινότητος
958 1371 1096 1440 usurpat,
1128 1371 1163 1420 51
1193 1359 1305 1443 laudet,

184 1460 306 1537 quanta
328 1460 397 1520 arte
426 1453 620 1532 sollertiaque
641 1451 790 1512 Homerus
813 1462 1022 1528 argumentum
1045 1451 1184 1510 carminis
1208 1449 1305 1530 dispo·

183 1545 291 1618 suerit,
322 1541 351 1602 id
383 1542 463 1623 qnod
487 1540 595 1601 Graeci
623 1542 809 1612 οἰκονομίαν
841 1550 960 1607 vocant,
1007 1540 1143 1602 Sufficiat
1165 1559 1304 1600 numeros

184 1633 366 1692 exscribere:
390 1654 412 1706 μ
430 1634 492 1692 333
511 1627 634 1710 (1724),
657 1645 676 1688 σ
693 1633 754 1692 269
772 1627 901 1711 (1846),
926 1651 945 1688 τ
961 1632 1022 1690 157
1049 1627 1181 1712 (1858),
1206 1650 1226 1689 τ
1241 1632 1305 1690 384

184 1718 309 1804 (1555),
326 1725 408 1784 nm
427 1715 652 1800 (5555151
672 1716 796 1798 (1551),
813 1739 827 1777 ε
843 1723 903 1778 115
922 1715 1045 1801 (1555),
1068 1717 1304 1800 caesurae),

183 1815 290 1873 near
317 1812 419 1890 (551),
448 1803 722 1884 V104(1199).1)

273 1899 366 1974 Quasi
397 1897 577 1956 contrarium
608 1895 823 1972 προεκθέσεως
853 1893 956 1956 δεινόν
988 1907 1032 1956 est
1061 1903 1087 1957 Z
1108 1902 1171 1958 412
1197 1896 1303 1976 (652)ε

185 1992 352 2066 σημείωσαι
377 1976 425 2046 ότι
447 1987 497 2045 καὶ
521 1989 619 2045 ταῦτα
647 1984 756 2057 δεινῶς
783 1980 946 2057 μεθοδεύει
970 1981 987 2045 ό
1010 1983 1152 2064 ποιητὴς,
1183 1986 1248 2058 ἵνα,
1281 1988 1308 2048 εἰ

185 2075 235 2137 καὶ
259 2071 321 2136 άπὸ
345 2079 411 2136 τῶν
434 2077 616 2135 τελευταίων
639 2079 693 2151 τῆς
714 2070 815 2150 μάχης
839 2068 965 2152 ἤρξατο,
990 2075 1067 2152 μηδὲ
1091 2080 1155 2136 τῶν
1178 2081 1305 2137 παλαιο-
1381 2129 1384 2136 .

184 2165 286 2241 τάρων
309 2161 411 2240 ἔργων
433 2169 499 2224 τῶν
523 2159 620 2237 ἀξίων
643 2160 742 2239 λόγον
764 2167 940 2240 παραλείψη
963 2164 1068 2242 μηδέν.

273 2255 404 2313 Acutum
428 2265 457 2312 51
486 2253 608 2329 elegans
637 2252 796 2314 discrimen
827 2254 916 2313 trium
945 2273 1091 2330 generum
1119 2251 1304 2337 δεινότητος,

186 2341 354 2427 (55155115
378 2344 472 2402 oratio
496 2340 578 2420 δεινή
602 2354 632 2404 51
655 2352 701 2402 eet
731 2354 760 2403 et
787 2341 923 2423 videtur,
955 2353 1008 2404 aut
1039 2353 1084 2404 551
1115 2363 1175 2404 555
1206 2353 1307 2404 155155

185 2432 311 2508 videtur,
337 2442 390 2492 aut
404 2432 524 2492 videtur
547 2452 603 2492 nec
626 2432 684 2512 551)
708 2433 829 2494 missum
852 2433 1007 2508 faciamus,
1033 2452 1099 2494 cum
1123 2453 1162 2494 ex
1185 2433 1237 2493 illo
1261 2433 1305 2494 nil

94 2599 97 2605 Ι
185 2523 334 2582 lucramur
357 2520 396 2581 ad
412 2521 453 2598 id,
477 2521 558 2602 quod
573 2521 659 2582 nobis
676 2523 892 2601 proposuimus.
938 2523 1015 2582 Nam
1039 2525 1217 2587 necessitate
1233 2542 1304 2603 qua·

185 2610 253 2672 dam
277 2612 453 2672 Eustathius
476 2632 653 2690 persuasum
676 2611 809 2672 habebat
834 2631 902 2673 eum
925 2622 1056 2691 poetam,
1081 2633 1171 2692 quem
1194 2614 1251 2673 sibi
1267 2612 1305 2671 ad

183 2700 440 2780 interpretandum
471 2703 577 2779 elegit,
618 2709 652 2760 ut
684 2709 762 2760 55551
792 2701 932 2780 princeps
967 2707 1141 2779 poetarum,
1173 2703 1306 2778 genuina

184 2789 302 2850 dicendi
324 2791 470 2850 facultate
494 2799 524 2850 et
547 2791 658 2851 virtute
681 2802 795 2850 5515155
819 2809 921 2850 omnes
945 2790 1036 2868 longe
1059 2809 1211 2871 superare.

272 2878 436 2958 Δεινότητα
467 2889 562 2940 511551
595 2899 634 2940 ex
664 2880 796 2940 omnium
831 2880 879 2940 vel
910 2882 1011 2959 potius
1048 2899 1087 2941 ex
1117 2878 1305 2960 quarundam

182 2970 331 3036 idearum
356 2971 444 3038 155515
474 2971 631 3038 mixtione
658 2971 864 3046 cognoscimus
892 2989 931 3029 ex
960 2971 977 3044 ζ
1001 2972 1062 3032 148
1087 2964 1219 3053 (1557),
1252 2969 1306 3031 ubi

182 3057 337 3136 γλυκύτης
360 3069 390 3118 51
413 3053 553 3134 ἀφέλεια,
585 3063 676 3120 1731
705 3060 833 3138 (1043),
865 3058 918 3118 ubi
949 3060 1152 3132 vehementia,
1183 3059 1303 3138 veritas,

183 3150 343 3232 asperitas,
375 3150 594 3229 aequanimitas
625 3150 802 3212 coniunctae
832 3158 910 3210 sunt.
957 3167 978 3223 χ
1003 3152 1065 3210 232
1098 3147 1212 3231 (1925)
1241 3149 1305 3209 sola

183 3236 331 3317 δριμύτης
353 3236 513 3316 δεινότητα
537 3239 643 3300 effecit.

272 3329 348 3389 Aliis
371 3330 444 3390 locis
467 3325 606 3404 δεινότης
637 3329 669 3386 15
697 3347 732 3386 55
762 3327 907 3402 55151151,
939 3326 1019 3407 quod
1049 3329 1188 3407 proprius
1219 3326 1305 3386 ideae

183 3437 287 3476 555555
316 3418 407 3496 paulo
437 3418 604 3478 deflectitur
636 3417 725 3475 aliam
755 3417 788 3476 in
817 3427 947 3496 partem,
981 3435 1019 3476 ne
1050 3417 1193 3477 sermonis
1225 3417 1304 3476 color

183 3514 299 3586 pugnet
330 3527 397 3568 eum
431 3509 488 3580 eis,
527 3527 605 3587 quae
640 3515 810 3570 narrantur.
863 3505 912 3565 Sic
942 3505 1171 3582 intelligendum
1203 3507 1303 3566 ε215

183 3594 311 3675 (1530);
337 3599 387 3656 καὶ
403 3587 461 3674 όρα
478 3592 535 3674 τὴν
551 3591 601 3656 διά
624 3590 742 3668 παντὸς
765 3599 824 3656 τοῦ
846 3592 946 3671 λόγου
970 3592 1134 3672 δεινότητα
1150 3590 1208 3656 ·τό
1232 3615 1303 3673 τρα-

182 3681 223 3759 χύ
240 3706 273 3746 τε
289 3682 348 3762 γάρ
365 3683 535 3762 τοῦλόγου
551 3684 654 3746 ἐλὲανε
671 3682 802 3761 ζητήσας
824 3680 868 3758 ὠς
891 3683 1002 3762 ἐρρέθη
1027 3680 1225 3763 συγγνώμην,
1254 3687 1304 3744 καὶ

183 3781 228 3856 τῷ
259 3781 455 3856 καταρκτικῴ
486 3775 619 3856 ἐπιθέτῳ
651 3772 833 3836 ἐκολάκενσε
863 3769 985 3836 ποτνάν
1015 3769 1094 3834 θεάν
1123 3769 1304 3851 προσειπών

183 3860 241 3940 τὴν
264 3861 419 3940 Καλυψώ,
443 3866 493 3924 καὶ
517 3869 554 3941 τη
577 3861 725 3946 συντόμῳ
748 3867 901 3941 συγκρίσει
923 3861 1107 3924 ἐταπείνωσε
1132 3860 1188 3939 τὴν
1204 3869 1303 3942 Πηνε-

183 3950 293 4031 λόπην.

275 4042 458 4128 Opportune
480 4044 610 4126 prolata
633 4041 795 4103 secundum
819 4043 1038 4120 Hermogenem
1063 4037 1149 4101 δεινά
1172 4059 1237 4100 5555
1260 4041 1302 4099 vi·

185 4131 290 4197 dimus.
339 4132 424 4207 Quod
448 4134 610 4212 respiciens
626 4133 800 4193 115515111155
816 4132 918 4191 multis
941 4132 1024 4205 locis,
1048 4132 1102 4190 ubi
1126 4139 1215 4211 poeta
1237 4131 1303 4209 ipse

276 4346 296 4414 ¹)
316 4343 348 4399 cf.
374 4349 519 4412 praeterea
543 4342 578 4396 ad
603 4344 653 4396 Al
672 4343 724 4410 (7):
753 4341 811 4408 ἅμα
835 4338 864 4392 δὲ
889 4346 932 4392 καὶ
957 4342 1003 4412 (sc.
1025 4337 1186 4408 ἐμεθόδενοε
1209 4339 1301 4409 τοῦτο)

185 4411 229 4467 διὰ
247 4413 279 4467 τό
297 4412 459 4488 δεινότερον,
478 4417 619 4468 τουτέστιν
638 4413 888 4484 οἰκονομικώτερον.
