3356 5150
661 459 881 518 ...43-

213 639 348 716 intellegi
373 637 459 711 velit,
485 654 546 716 qne
561 635 710 696 locutione
724 633 805 694 haud
821 655 889 696 raro
904 637 1009 710 utitur,
1034 638 1096 712 ipse
1112 638 1208 717 aperit
1222 642 1249 698 Α
1266 640 1327 700 587

212 726 317 814 (156)
343 722 391 788 ότι
413 721 517 787 πολλὰ
541 725 605 786 τῶν
628 725 863 803 ἱστορουμένων
885 727 935 786 καὶ
957 725 1185 800 μυθευομένων
1208 721 1329 806 όνιοιη-

211 813 264 896 τὴς
287 812 346 878 ούκ
369 816 501 888 ἐντελῶς
523 814 558 876 ἐν
581 813 626 876 ἑνί
649 812 739 896 τόπῳ
763 813 914 876 ἐκτίθεται
938 809 1005 876 άλλ>
1028 811 1208 889 εὐμεθόόιος
1231 817 1329 890 τέμνει

211 904 303 984 χάριν
326 909 479 978 ποικιλίας
500 907 550 966 καί
573 900 736 982 διαφόροις
757 900 867 977 τόκοις
895 903 1057 982 ἐπιμερίζει
1086 901 1123 966 τὸ
1150 903 1197 978 έν,
1229 925 1328 986 neque

210 1011 312 1055 temen
335 996 411 1056 tales
432 995 619 1054 narrationes
642 995 789 1074 simplices
812 1002 892 1061 sunt.

299 1085 539 1154 Iusiurandum
559 1084 615 1143 hoe
634 1081 698 1144 loeo
721 1085 856 1144 consulto
879 1085 992 1158 omitto,
1017 1103 1086 1144 narn
1109 1086 1198 1144 etism
1221 1075 1328 1147 '3754

210 1176 300 1251 (338)
324 1185 353 1234 et
376 1195 396 1234 υ
413 1177 475 1235 339
494 1172 609 1255 (1894)
625 1166 720 1250 ὅρκος
735 1167 845 1251 ἠθικός
860 1175 996 1233 veritatis
1019 1193 1085 1234 esee
1107 1173 1236 1248 videtur,
1261 1193 1328 1234 oum

209 1265 385 1324 Eustathius
413 1263 552 1324 omnibus
580 1263 705 1343 reliquis
735 1263 824 1338 loeis,
858 1263 913 1324 ubi
944 1265 1007 1343 egit
1038 1262 1076 1324 de
1105 1265 1172 1324 iure
1200 1263 1327 1324 iurando

209 1353 350 1413 adiecerit
372 1351 566 1426 ἐνόιαθέτως.

298 1445 441 1503 Mixtione
464 1437 604 1518 ἀφελείας
625 1451 656 1501 et
678 1439 814 1514 κάλλους
835 1443 968 1502 nascitur
990 1445 1124 1522 proxime
1147 1441 1224 1524 idea,
1250 1461 1328 1522 quse

209 1542 253 1592 est
276 1530 429 1610 γλυκύτης
449 1529 652 1612 (suavitas)1);
668 1533 705 1594 of.
721 1533 816 1610 ipsius
834 1533 1030 1610 Hermogenis
1046 1533 1154 1591 verbs:
1171 1527 1189 1609 ἡ
1206 1532 1239 1593 <ii
1255 1538 1327 1607 γλυ-

208 1616 531 1709 κύτης-οίοῖἶάλλος
558 1631 586 1689 τί
613 1630 666 1707 τῆς
693 1623 834 1704 ἀφελείας
861 1629 953 1708 έστίλ)
982 1637 1013 1690 et
1040 1628 1266 1709 ἐπηγγειλάμην
1294 1631 1327 1692 et

207 1719 287 1799 ἐρεῖν
310 1743 339 1780 τι
362 1722 414 1780 καὶ
436 1721 504 1795 περὶ
531 1716 725 1794 γλυκύτητος
748 1721 798 1778 καὶ
827 1709 925 1797 εόρας,
959 1715 978 1779 ἃ
1002 1715 1041 1798 όὴ
1063 1714 1168 1797 ὥσπερ
1191 1719 1328 1781 ε’τιίτασίν

206 1831 275 1871 τινα
299 1815 352 1888 τῆς
380 1807 522 1883 ἀφελείας
549 1805 694 1882 ἐλέγομεν
721 1803 842 1886 steort).
889 1808 956 1883 Quo
986 1809 1212 1888 explicandum,
1246 1809 1327 1890 quod

206 1900 382 1960 Euststhius
406 1916 497 1975 saepe
519 1895 645 1956 eandem
672 1916 735 1955 rem
766 1899 871 1956 statuit
898 1917 962 1956 esee
989 1898 1102 1956 iontem
1133 1907 1162 1957 et
1185 1899 1326 1978 simpliei-

206 1991 276 2046 tatis
300 1997 329 2044 et
352 1987 517 2049 suavitatis.
564 1986 627 2046 Ism
651 1984 779 2044 vidimus
804 1985 967 2064 Odyssesm
991 2007 1054 2046 esse
1077 1987 1270 2065 γλυκυτέραν
1295 1989 1325 2049 τὲ

208 2079 259 2136 καί
275 2107 277 2112 ·
291 2073 496 2152 ἀφελεστέραν
527 2095 616 2155 quem
644 2073 768 2134 Iliadem
798 2075 923 2156 (1379).
970 2077 1018 2136 Ex
1048 2077 1130 2136 nube
1161 2085 1326 2137 ceterorum

208 2163 411 2242 exemplorum
428 2166 498 2224 satis
515 2166 571 2224 erit
586 2165 634 2224 hie
656 2183 824 2244 proponere
846 2170 876 2226 Ω
895 2169 958 2226 614
975 2164 1105 2248 (1867)
1129 2168 1180 2226 καὶ
1204 2159 1253 2226 ότι
1268 2162 1327 2245 τὴν
1388 2165 1390 2170 ’

208 2248 344 2330 μυθικὴν
367 2251 425 2314 εἴτε
449 2249 591 2328 άφέλειαν
607 2253 666 2315 εἴτε
683 2250 860 2332 γλυκύτητα
875 2260 984 2327 καλοῖς
1000 2249 1017 2316 ό
1034 2251 1163 2333 ποιητὴς
1177 2251 1327 2332 ἐκόσμησε

208 2340 368 2419 σχήμασιν.
422 2347 452 2403 Ψ
472 2347 534 2404 346
561 2339 691 2427 (1304)
722 2346 821 2422 χαίρει
846 2346 1018 2417 διασκευαῖς
1040 2342 1267 2421 γλυκαζούσαις
1289 2349 1326 2422 τῇ

208 2429 339 2512 terroe.
386 2437 411 2493 Α
436 2436 497 2494 131
525 2429 631 2517 (131),
655 2437 691 2493 Ν
713 2437 772 2494 129
799 2431 905 2516 (925),
929 2439 965 2494 Ν
984 2437 1047 2496 310
1073 2433 1182 2519 (933),
1207 2439 1242 2494 Ν
1261 2437 1322 2496 381

207 2520 309 2602 (938),
342 2526 377 2582 Ν
396 2525 457 2584 597
484 2520 591 2603 (947),
625 2528 651 2582 Φ
676 2526 738 2584 106
764 2523 886 2600 (1225),
920 2527 952 2583 X
974 2525 1036 2584 477
1063 2523 1185 2606 (1281),
1218 2525 1323 2584 6669

207 2610 328 2690 (1511),
354 2611 371 2686 ς
398 2617 458 2673 148
483 2610 608 2692 (1551),
632 2633 655 2684 μ
679 2612 741 2672 377
768 2607 893 2696 (ruse),
918 2633 938 2671 v
961 2617 1025 2673 me
1044 2611 1168 2696 (1740).

294 2701 399 2759 Talem
423 2703 600 2760 suavitatem
624 2702 829 2778 Hermogenes
853 2701 958 2760 tribuit
983 2703 1153 2768 sententiis
1175 2703 1324 2787 mythtris

140 2830 143 2838 «
205 2792 332 2849 sermoni
355 2791 492 2861 intextis,
524 2791 573 2849 vel
601 2791 706 2850 saltem
733 2791 955 2850 narrationibus
983 2811 1095 2867 rerum,
1129 2808 1208 2871 quae
1230 2808 1325 2873 prope

205 2877 243 2936 ed
266 2879 384 2958 mythos
408 2879 566 2957 secedunt,
592 2889 645 2940 eut
668 2879 779 2959 quibus
802 2879 916 2960 aliquid
940 2881 1018 2939 inest
1033 2879 1130 2940 simile
1145 2880 1324 2944 fabularum.

204 2968 280 3044 Peg.
306 2973 369 3030 407
394 2967 477 3028 dicit:
510 2967 640 3042 μάλιστα
668 2969 702 3029 δὲ
729 2965 882 3046 ποιήσεως
910 2969 972 3030 ίόια
996 2969 1032 3029 αί
1058 2990 1089 3030 τε
1119 2970 1248 3041 μυθικαλ
1278 2967 1325 3030 ἒν-

205 3077 286 3117 νοιαι
310 3063 407 3124 στᾶσαι
430 3068 460 3117 et
483 3061 613 3140 exempli
636 3060 735 3137 gratis
758 3059 844 3118 effert
867 3053 905 3118 τά
932 3057 1061 3136 Τρωικά.
1107 3061 1253 3137 Apertum
1277 3069 1325 3119 est

205 3147 294 3206 huius
318 3149 438 3225 generis
461 3148 542 3227 apud
559 3149 734 3218 Homerum,
759 3150 811 3227 qui
835 3147 956 3227 quidem
978 3150 1043 3227 ipse
1063 3147 1139 3207 nihil
1154 3148 1237 3208 aliud
1253 3148 1325 3208 feeit

203 3238 262 3294 nisi
284 3237 404 3296 fabulas
427 3237 538 3297 referre
561 3257 657 3313 peuce
679 3239 857 3314 investigari
886 3257 973 3316 posse
996 3237 1150 3318 exempla3
1183 3239 1220 3298 of.
1246 3257 1324 3318 quse

203 3327 379 3385 Eustathins
391 3329 531 3407 exposuit
544 3327 581 3386 ud
597 3348 620 3399 μ
636 3331 697 3388 189
708 3323 822 3412 (1708)
835 3325 872 3386 ds
885 3327 1021 3386 Sirenum
1038 3337 1129 3386 centu
1145 3347 1177 3386 se
1193 3327 1230 3387 de
1244 3327 1323 3386 bello

204 3415 336 3474 Troiano
352 3427 491 3477 cauturus
508 3435 572 3476 esse
589 3417 833 3495 promittentium,
851 3415 889 3474 sd
907 3413 1008 3482 5:506
1023 3411 1322 3497 (999)(1010111111-

205 3523 264 3584 que
284 3503 409 3564 lunonis
433 3507 523 3580 coitu,
548 3505 586 3565 ed
601 3511 636 3566 Η
647 3509 687 3567 96
706 3507 807 3585 (668),
831 3504 884 3565 ubi
901 3505 1087 3564 artificiosius
1103 3495 1192 3585 qu'em
1213 3506 1323 3565 reetius

202 3595 328 3652 recurrit
362 3593 401 3652 sd
434 3594 657 3674 interpretanda
692 3595 821 3654 Menelai
859 3595 954 3653 verba
987 3588 1163 3670 Ἀχαιίδες
1202 3588 1319 3654 οὐκέτ’

204 3679 345 3757 Ἀχαιοί
365 3683 403 3743 sd
427 3679 483 3756 τάς
496 3684 736 3761 θρυλλουμένας
758 3679 893 3756 μυθικὰς
914 3680 1177 3761 μεταμορφώσεις.
1214 3683 1323 3743 Contra

203 3771 276 3830 dicit
307 3771 335 3838 Ξ
346 3775 408 3834 233
442 3771 548 3856 (981);
582 3774 685 3834 ἰστέον
715 3775 748 3834 tie
776 3769 820 3845 σάς
848 3772 987 3833 ἐνταῦθα
1016 3779 1076 3834 νῦν
1114 3773 1323 3850 προσφτακῶς

204 3858 301 3939 ῥηθέν
324 3858 360 3922 τό
384 3855 476 3922 {inne
498 3866 550 3923 καὶ
572 3861 650 3940 ἑξῆς,
675 3857 735 3923 οὐκ
755 3859 815 3938 έχει
831 3860 1017 3939 γλυκύτητα,
1042 3857 1090 3922 ὅτι
1106 3859 1148 3939 μὴ
1164 3857 1242 3923 κατά
1264 3861 1321 3935 μό-

204 3969 263 4010 νον
292 3946 329 4012 τό
358 3947 495 4024 μυθικόν
517 3971 525 3986 ·
545 3950 630 4029 τιαρά
660 3953 694 4016 σὲ
723 3956 887 4026 Σοφοκλεῖ
918 3949 1003 4012 πάνυ
1037 3946 1137 4027 γλυκύ
1170 3948 1209 4012 τό
1239 3945 1319 4011 ὅτιν’

204 4033 345 4114 ὀθόνας
368 4037 494 4119 ἀδαὴς,
520 4034 610 4102 ύπνε
626 4036 657 4102 ‹5’
684 4036 843 4116 άλγέων,
867 4036 912 4114 uie
925 4035 1054 4117 λογικόν
1069 4036 1129 4119 γάρ
1144 4035 1203 4101 τόν
1217 4033 1322 4101 ύιτνον

203 4135 378 4207 παρακαλεῖ
391 4152 437 4204 τις
458 4129 521 4191 ἐκεῖ
542 4129 589 4190 ἐπὶ
612 4127 670 4192 τὸν
694 4128 894 4208 Φιλοκτήτην.

363 4310 370 4336 ,
390 4271 442 4324 367
456 4285 519 4337 sqq3
538 4269 605 4336 2693
622 4271 674 4323 407
695 4269 740 4338 Sp.
