3356 5150
650 471 868 527 -51—

290 640 448 707 Methodus
470 665 531 704 nna
555 645 666 712 ι’νοιιιά
687 647 846 723 gravitatis
869 645 989 725 propria
1012 653 1071 724 est,
1102 663 1162 724 qua
1185 645 1235 703 via
1258 628 1317 704 siu-

202 737 328 797 stathius
358 745 478 816 poetam
508 732 746 812 indignationem
776 744 944 795 moventem
973 733 1045 793 facit
1068 734 1165 808 §402
1192 731 1317 818 (1765),

203 829 308 886 4146
333 825 412 904 (68),
436 829 465 885 Β
481 826 543 885 340
569 819 672 908 (234),
697 827 801 885 4111
828 819 909 904 (60),
934 828 968 883 Π
982 825 1044 883 622
1069 817 1193 904 (1078),
1221 826 1241 881 Ι
1255 825 1317 884 340

204 915 304 1000 (755).
352 915 452 974 Irrisio
485 922 585 974 autem
617 923 648 972 et
677 912 839 973 ludibrium
870 925 931 972 tam
966 922 1030 972 arte
1060 911 1221 971 cohaerent
1253 931 1319 971 cum

203 1007 308 1078 ironia,
333 1013 367 1063 ut
391 1002 472 1063 aliud
496 1003 534 1062 ab
559 1003 617 1062 alio
633 1003 811 1083 plerumque
826 1003 879 1061 vix
894 1003 990 1082 possis
1006 1001 1181 1063 discernere.
1223 1000 1319 1075 Quam

203 1094 410 1154 difficultatem
426 1092 601 1152 Eustathius
624 1089 729 1158 Ξ454
745 1089 848 1175 (997),
873 1093 987 1152 evitare
1010 1090 1120 1164 studet,
1145 1110 1211 1151 cum
1232 1089 1318 1152 dicit:

203 1174 252 1244 ὅτι
275 1185 326 1244 καὶ
348 1181 382 1242 ἐν
409 1193 477 1255 τοῖς
505 1181 660 1260 παροῦσιν
684 1176 702 1243 ὃ
725 1177 855 1259 ποιητὴς
884 1186 995 1259 χρᾶται
1018 1191 1208 1258 σαρκασμοῖς
1231 1199 1320 1239 τουτ-

206 1273 271 1335 έστι
300 1273 467 1350 δακνηραῖς
497 1273 664 1351 εἰρωνείαις
698 1274 748 1333 καὶ
774 1267 952 1350 βαρύτησιν.
1011 1271 1172 1330 Praeterea
1200 1289 1321 1329 enume-

206 1361 292 1422 randi
315 1371 385 1421 sunt
408 1367 438 1422 K
452 1363 513 1422 401
540 1360 641 1442 (814),
666 1367 695 1421 Σ
711 1365 773 1422 281
793 1357 919 1444 (1142),
946 1365 972 1419 Φ
990 1363 1052 1422 124
1078 1355 1233 1444 (1227).)

294 1452 376 1527 Quas
389 1451 594 1528 Hermogenes
607 1461 763 1530 praeterea
775 1451 889 1529 profert
905 1451 1017 1526 figuras
1035 1450 1202 1528 gravitatis,
1220 1467 1322 1508 omnes

205 1562 243 1602 ex
266 1542 362 1600 ironia
385 1539 539 1600 derivatae
563 1550 645 1612 sunt,
670 1541 711 1599 sic
735 1541 764 1606 st'
787 1561 838 1606 νος
861 1546 963 1606 certae
979 1561 1041 1623 pro
1064 1539 1198 1608 incoctis
1215 1539 1322 1623 prof·

204 1631 364 1710 rantur.²)
410 1629 506 1704 Quem
534 1648 680 1688 conexum
710 1649 809 1688 rerum
832 1629 1009 1691 Hustnthius
1040 1630 1151 1709 optime
1181 1628 1324 1708 explanat

208 1719 235 1789 Ξ
248 1723 311 1783 475
330 1719 434 1798 (997)ι
466 1713 741 1795 ἐπισημαινόμενος
765 1713 782 1777 ὁ
806 1714 949 1795 ποιητὴς,
983 1711 1030 1779 ὅτι
1053 1717 1087 1778 ἐν
1110 1720 1251 1798 εἰρωνείᾳ
1273 1718 1324 1777 καὶ

205 1810 327 1888 βαρέως
350 1804 369 1868 ὁ
385 1805 460 1880 Αἴας
474 1802 635 1880 ἐνδοιάζει,
659 1803 706 1880 ἐφ’
725 1803 772 1879 οἷς
787 1804 923 1884 ἀκριβῶς
938 1804 1012 1880 οἶδε,
1029 1811 1123 1884 φησίν
1138 1813 1205 1868 κτλ.
1235 1805 1324 1867 Aliud

206 1894 339 1960 eiusdem
372 1915 444 1955 usus
475 1895 642 1974 exemplum
667 1895 791 1975 praebet
812 1902 836 1956 Τ
849 1900 888 1958 96
907 1893 1037 1977 (1174);
1062 1893 1100 1957 τὸ
1124 1897 1157 1956 δὲ
1181 1891 1224 1957 ὃν
1248 1889 1324 1974 δρι-

208 2003 298 2048 στον
315 1980 427 2061 φάσιν
442 1981 535 2045 εἶναι
552 1979 611 2046 οὔκ
626 1983 709 2046 ἐστιν
731 1983 949 2062 ἐνδοιάζοντος
964 1984 1058 2062 λόγος
1072 2032 1078 2046 .
1090 1988 1161 2063 περὶ
1176 1983 1245 2058 Διὸς
1265 1982 1325 2064 γὰρ

209 2081 307 2136 τοῦτο
331 2073 424 2148 λέγει,
457 2068 536 2134 ἀλλὰ
558 2075 778 2152 βαρυνομένου
801 2078 853 2136 καὶ
874 2068 961 2137 οὕτω
984 2074 1253 2153 σχηματιζομὲνον
1268 2069 1326 2135 τὸν

210 2161 402 2240 διστάζοντα.
1037 2201 1038 2204 =

298 2253 470 2330 Singularis
500 2252 648 2334 quaedam
678 2254 717 2314 ab
746 2254 937 2332 Hermogene
968 2255 1085 2315 silentio
1116 2255 1327 2335 praetermissa

211 2342 385 2402 Hustathius
414 2342 471 2401 bac
499 2363 619 2424 quoque
647 2345 800 2404 occasione
827 2344 935 2416 babet,
968 2365 1048 2425 quae
1077 2354 1177 2404 tamen
1207 2344 1327 2404 minime

212 2433 367 2492 sententiis
384 2431 583 2510 Hermogenis
598 2443 777 2512 repugnent,
796 2435 909 2514 quippe
925 2436 976 2515 qui
992 2435 1104 2494 leviora
1120 2453 1180 2494 uno
1196 2433 1329 2494 alterove

210 2527 276 2581 loco
293 2541 311 2580 a
327 2521 616 2602 scriptoreqnodam
638 2532 782 2603 usurpata
797 2543 890 2582 unum
906 2525 937 2582 in
953 2544 1061 2604 corpus
1076 2522 1213 2601 redigere
1229 2543 1329 2604 neque

209 2611 307 2671 voluit
330 2631 429 2691 neque
452 2613 558 2686 potuit.
605 2611 683 2670 Nam
708 2621 788 2671 certe
810 2611 1024 2688 indignationis
1054 2623 1098 2674 est
1128 2632 1199 2673 usus
1222 2633 1328 2692 prono·

210 2702 297 2760 minis
322 2721 375 2779 pro
400 2702 465 2780 ipso
493 2701 613 2759 nomine
644 2700 894 2785 π350(1805),’
926 2696 1072 2780 ἀναφορά
1103 2703 1122 2776 ξ
1139 2706 1177 2763 61
1205 2703 1327 2780 (1750),

212 2789 344 2850 delectus
359 2790 517 2851 verborum
534 2792 636 2850 Σ324
654 2787 809 2874 (1145),3)
826 2791 934 2864 θαῦμα
945 2787 1021 2864 μετὰ
1036 2789 1213 2870 βαρύτητος
1229 2792 1248 2850 δ
1265 2794 1327 2854 642

212 2878 225 2963 (
300 2876 409 3048 licque
424 2967 461 3028 de
477 2970 607 3028 numeris
623 2970 700 3048 aptis
712 2969 916 3048 Hermogenes
929 2969 1043 3051 aliquid
1057 2970 1211 3050 praecipit,
1229 2980 1329 3028 tamen

213 3079 251 3118 ex
274 3067 382 3116 natura
404 3060 448 3118 rei
476 3078 540 3118 esse
568 3058 687 3118 videtur
718 3060 852 3120 homines
883 3061 992 3120 iniuria
1023 3058 1152 3140 quadam
1185 3059 1330 3118 excitatos

212 3147 410 3220 κομματικῶς
433 3167 478 3220 cs,
503 3168 581 3228 quae
605 3146 712 3208 dicturi
735 3159 819 3223 sunt,
852 3149 1019 3224 effundere,
1052 3149 1132 3230 quod
1156 3149 1331 3210 Eustathius

213 3237 251 3296 ad
274 3240 303 3296 H
317 3240 380 3298 403
406 3235 497 3314 (564)
521 3238 698 3300 enucleavit.

303 3325 422 3400 Quibus
445 3327 588 3388 absolutis
612 3327 717 3387 ultima
747 3326 816 3388 idea
838 3338 940 3405 restat,
973 3337 1072 3389 rect-us
1103 3348 1174 3388 usus
1206 3327 1331 3386 aliarum

214 3417 354 3487 omnium,
380 3436 438 3496 quo
463 3417 590 3476 efficitur
605 3414 752 3494 δεινότης,
776 3419 822 3478 vis
846 3432 874 3478 et
891 3421 986 3481 virtus
1001 3416 1119 3478 dicendi
1135 3413 1228 3500 illast)
1254 3437 1332 3496 quae

215 3514 353 3574 omnibus
370 3515 538 3576 oratoribus
555 3517 724 3595 appetenda
740 3513 823 3596 est.⁶)
861 3519 1007 3598 ‘Apparet
1022 3516 1104 3575 illam
1119 3517 1181 3574 vim
1203 3517 1333 3574 maxime

319 3643 480 3714 )Ceterum
498 3645 664 3714 gravitatem
691 3644 768 3699 illam
791 3645 910 3700 ludibrio
935 3662 1043 3713 quoque
1067 3646 1130 3700 tolli
1153 3662 1235 3715 posse
1260 3645 1333 3700 haud

215 3715 371 3784 spernenda
390 3715 545 3770 observatio
565 3724 609 3772 est
627 3720 689 3772 α62
708 3719 812 3788 (1392);
832 3721 979 3785 ορμείαιοαι,
993 3718 1035 3768 ὅτι
1060 3717 1092 3769 τὸ
1117 3715 1243 3784 dalonen
1261 3716 1332 3785 βαρῦ

215 3789 261 3852 τῆς
278 3786 395 3852 Ἀθηνᾶς
412 3785 481 3854 ἦθος
500 3788 529 3838 ἐν
547 3791 636 3852 τῷτί
654 3790 685 3839 οἱ
704 3790 825 3840 τόσσον
844 3787 993 3840 ὠδύοοαο
1012 3789 1153 3856 ἀμείβεται
1173 3789 1187 3841 ὁ
1206 3788 1271 3844 Ζευς
1290 3787 1332 3841 διαὶ

216 3859 265 3909 τοῦ
285 3858 419 3930 ῥηθέντος
437 3858 595 3925 σκώμματος
614 3860 722 3930 εὐφυῶς.

307 3931 329 3999 ⁹)
348 3929 385 3998 H,
406 3933 466 3995 387,
485 3933 520 3983 27
539 3932 588 4000 Sp:
607 3931 641 3984 τὸ
660 3929 807 3994 ἐνδοιάζειν
825 3937 886 4004 περὶ
904 3935 962 3984 τῶν
982 3930 1214 4002 ὁμολογουμένων.

307 4002 329 4070 ⁸)
348 4002 370 4052 ὢ
388 4002 502 4060 πόποι,
521 3999 537 4067 ἦ
554 4003 577 4072 ῥ’
597 4001 693 4056 ἅλιον
712 4005 788 4060 ἔπος
807 4002 958 4072 ἔκβαλον
976 4003 1080 4072 ἤματι
1104 4009 1208 4068 κείνῳ.

306 4072 329 4142 4)
348 4075 383 4140 11,
402 4075 455 4128 388
474 4089 531 4140 sqq.
552 4073 596 4142 Sp.

308 4145 329 4213 ⁵)
351 4145 388 4199 Ut
406 4144 434 4200 in
449 4145 636 4213 disputatione
653 4151 713 4218 περὶ
731 4146 818 4213 ἤθους
832 4148 877 4202 hic
890 4164 999 4216 quoque
1018 4164 1073 4203 non
1087 4163 1180 4203 omnes
1194 4148 1336 4202 Hustethii

218 4215 279 4280 loci,
303 4217 350 4270 ubi
369 4213 453 4271 δεινός
471 4227 500 4271 et
519 4213 638 4282 δεινότης
655 4219 769 4287 legitur,
791 4220 820 4274 in
839 4234 953 4275 examen
972 4221 1088 4275 vocandi
1107 4226 1180 4274 sunt.
1218 4220 1288 4273 Nem
1307 4224 1336 4274 et

218 4287 393 4343 notissimum
412 4293 455 4343 est
473 4288 528 4342 iam
546 4288 746 4356 antiquissimis
772 4306 806 4345 ex
824 4292 995 4361 temporibus
1014 4307 1109 4347 rocem
1134 4289 1217 4346 δεινός
1236 4291 1265 4344 in
1283 4307 1337 4346 usu

219 4358 303 4412 fuisse
328 4360 363 4415 ed
388 4359 596 4429 significandum
620 4376 755 4416 summum
779 4368 926 4430 oratorem,
952 4368 981 4419 et
1006 4364 1079 4417 hand
1102 4379 1165 4418 raro
1190 4360 1274 4417 δεινός
1297 4363 1337 4417 nil

220 4429 293 4484 aliud
314 4437 357 4486 est
376 4448 458 4499 quarn
477 4431 583 4501 peritus
602 4431 718 4487 alicuius
737 4434 787 4501 rei,
806 4450 830 4489 e.
844 4452 871 4503 g.
891 4431 968 4490 0536
987 4435 1086 4505 (1507).

1139 4524 1177 4578 4*
