3390 5140
680 508 899 566 ..81-

318 685 389 745 Alia
416 703 488 759 argo
514 682 689 764 quaerenda
716 693 794 748 sunt.
839 685 880 744 ut
902 685 1031 744 occurrit
1058 685 1216 766 quaerenti
1238 685 1346 762 ingens

230 773 281 834 ille
297 788 439 836 numerus
459 772 695 847 adnotationum,
719 773 830 854 quihus
847 775 947 852 agitur
969 775 1007 840 de
1029 780 1150 842 terrore
1171 780 1202 841 ot
1222 773 1347 841 miseri-

229 861 385 947 cordia¹);
423 883 498 944 quos
529 864 654 923 affectus
685 873 816 924 oratores
845 861 1037 923 audientibus
1067 865 1192 924 iniciant
1219 872 1345 943 oportet,

232 974 290 1034 quo
314 955 353 1014 ab
377 948 420 1014 eis
443 953 561 1014 facilius
583 955 752 1033 impetrent,
777 972 857 1033 quae
880 953 1000 1033 assequi
1023 952 1154 1017 student.
1188 952 1268 1013 Nam
1290 953 1347 1012 hac

229 1046 281 1103 rie
304 1053 334 1103 et
356 1044 472 1103 ratione
496 1054 644 1104 oratorem
667 1044 792 1123 optime,
818 1061 898 1122 quae
921 1043 979 1102 sibi
1000 1044 1164 1122 proposuit,
1188 1042 1348 1123 impetrare

231 1133 327 1192 solere
350 1135 475 1213 exponit
497 1133 676 1193 Aristoteles
699 1132 774 1196 rhet.
796 1132 838 1207 Il,
864 1137 882 1195 ὅ
908 1142 938 1192 et
961 1136 990 1192 8.
1037 1132 1145 1212 Neque
1168 1133 1274 1210 negari
1296 1151 1347 1212 po·

231 1231 286 1282 test
309 1221 359 1282 hic
380 1223 459 1306 illic,
490 1243 568 1303 quae
598 1222 712 1282 scholia
742 1223 913 1302 proterunt,
945 1223 1056 1301 optime
1086 1241 1253 1300 congruere
1280 1241 1347 1281 cum

232 1312 398 1372 Aristotelis
425 1314 588 1375 sententiis.
639 1315 781 1371 Attamen
809 1313 917 1371 iterum
941 1310 1122 1373 monendum
1148 1331 1262 1391 omnes,
1294 1312 1347 1392 qui

230 1401 421 1481 eloquentiae
448 1422 570 1482 operam
593 1401 750 1476 dederunt,
773 1401 969 1475 intellexisse,
1002 1402 1184 1483 quantavis
1207 1399 1246 1459 ad
1269 1419 1345 1460 com·

230 1490 391 1552 movendos
414 1492 565 1553 hominum
590 1493 703 1551 animos
727 1493 819 1551 metui
835 1499 866 1550 et
880 1491 1098 1552 misericordiae
1113 1491 1195 1554 insit.
1239 1491 1285 1550 Ac
1308 1509 1346 1551 ne

230 1579 367 1642 dictionis
390 1581 512 1662 quidem
535 1581 615 1642 color
637 1578 797 1661 respondet
814 1581 1014 1658 Aristotelico,
1038 1600 1138 1660 neque
1153 1600 1219 1641 raro
1244 1599 1346 1640 occur·

230 1681 313 1745 runt,
346 1691 425 1751 quae
454 1673 576 1731 minime
606 1671 738 1751 profecta
770 1689 836 1730 esse
863 1669 1004 1730 videntur
1034 1690 1073 1730 ex
1095 1669 1262 1730 Aristotelis
1289 1668 1347 1729 dis·

231 1761 352 1840 ciplina,
377 1762 420 1819 ita
443 1770 477 1821 ut
501 1760 695 1820 concedamus
717 1760 777 1819 illis
800 1779 922 1840 quoque
942 1760 1014 1819 locis
1030 1759 1171 1819 affirmari
1185 1779 1245 1818 non
1261 1779 1347 1838 posse

228 1851 325 1930 ipsum
349 1849 541 1910 Aristotelem
564 1852 596 1909 in
618 1849 829 1926 componendis
852 1848 971 1909 scholiis
994 1848 1160 1909 adhibitum
1183 1868 1257 1909 esse.

318 1937 378 1998 Sed
400 1959 447 1998 me
470 1939 579 2000 falsum
603 1960 669 2000 esse
693 1939 801 2000 dixerit
829 1940 977 2019 quispiam
1004 1957 1151 2019 apparere
1174 1957 1213 1997 ex
1235 1937 1346 1998 scholio

230 2029 395 2106 Lipsiensis
418 2027 455 2086 ad
472 2031 496 2089 0
513 2033 587 2089 116:
612 2027 670 2090 dria
685 2027 772 2106 πάθη
789 2024 892 2090 ἀστεῖα
914 2041 1009 2105 φησιν
1032 2024 1049 2088 ὁ
1073 2025 1286 2105 Ἀριστοτέλης,
1310 2024 1347 2088 τὸ

228 2117 287 2188 μὲν
307 2113 343 2176 ἓν
364 2117 444 2192 λέγει
467 2113 523 2194 τὴν
546 2114 645 2196 τύχην
666 2113 751 2195 παρὰ
774 2115 831 2196 τὴν
847 2113 946 2193 ἀξίαν,
971 2108 1048 2195 ὅπερ
1072 2119 1121 2178 καί
1145 2115 1238 2190 ἔλεος,
1264 2111 1347 2178 καθὸ

230 2199 356 2284 ὁἌρης
378 2207 522 2280 τοιοῦτος
544 2203 592 2268 ὢν
615 2220 762 2286 στερεῖται
784 2213 844 2268 τοῦ
867 2207 938 2268 υἱοῦ
966 2201 1092 2268 αὐτοῦ·
1114 2201 1150 2266 τὸ
1181 2207 1215 2267 δὲ
1237 2195 1348 2284 ἕτερον

230 2289 355 2370 εὐτυχία
376 2292 462 2373 παρὰ
485 2291 543 2374 τὴν
565 2294 655 2372 ἀξίαν
672 2317 679 2332 ·
696 2288 772 2376 ὅπερ
796 2300 848 2358 καί
871 2298 995 2370 νέμεσις,
1020 2293 1104 2358 καθὸ
1121 2291 1203 2377 ὁρμᾷ
1219 2291 1238 2356 ὁ
1256 2290 1347 2375 ’Ἄρης

229 2379 308 2444 κατὰ
331 2381 400 2458 Διὸς
421 2383 559 2448 ἐλάττων
583 2382 640 2448 cto.

317 2474 442 2536 Praeter
471 2477 569 2557 ipsum
599 2476 756 2538 laudatum
780 2478 947 2537 Aristotelis
978 2496 1086 2536 nomen
1116 2475 1167 2535 ille
1195 2474 1233 2534 ad
1262 2495 1346 2535 suam

229 2565 398 2643 opinionem
430 2565 648 2626 defendendam
676 2567 812 2625 attulerit
842 2565 1066 2644 similitudinem
1096 2563 1248 2645 quandam
1278 2585 1346 2624 cum

228 2653 304 2715 rhet.
321 2654 362 2734 11,
388 2659 417 2729 8,
439 2658 521 2716 1385
539 2655 568 2736 b,
596 2659 635 2716 13
653 2664 684 2714 et
698 2655 738 2729 II,
757 2661 786 2727 9,
814 2658 897 2716 1386
915 2656 944 2727 b,
963 2657 992 2716 9.
1035 2652 1094 2714 Sed
1114 2663 1195 2714 recte
1210 2655 1346 2714 Heitsius

229 2752 330 2802 contre
354 2742 425 2803 dicit
448 2763 587 2806 concesso
607 2745 659 2803 illo
673 2742 874 2825 {consensu²)=
902 2745 1068 2824 „Degegen
1092 2742 1187 2803 hleibt
1202 2741 1253 2804 der
1269 2745 1346 2803 Aus-

228 2831 324 2890 druclr
347 2829 434 2910 πάθη
458 2829 561 2894 ἀστεῖα
584 2834 702 2910 uebrig,
726 2833 787 2895 und
811 2855 844 2894 es
868 2854 965 2893 waere
988 2833 1051 2894 dies
1075 2830 1127 2892 das
1147 2833 1264 2910 einsige
1278 2833 1345 2892 Bei-

229 2921 306 3000 spiel
329 2941 386 2980 son
411 2923 602 2983 Belesenheit
625 2913 657 2982 in
680 2923 732 2984 der
754 2923 900 2984 Rhetorik
927 2943 987 2983 von
1009 2922 1112 2982 Seiten
1140 2923 1222 2982 eines
1245 2921 1344 2982 home·

227 3010 345 3070 rischen
375 3011 593 3074 Scholiasten“.
649 3012 773 3073 Accedit
803 3014 878 3073 elios
909 3023 1027 3072 exstrue
1057 3012 1151 3088 locos,
1182 3009 1264 3071 unde
1293 3010 1346 3070 illa

227 3102 338 3180 optime
360 3103 455 3180 petita
477 3123 542 3164 esse
560 3096 703 3182 possunt,
729 3124 755 3162 e.
780 3124 810 3181 g.
835 3103 897 3166 eth.
921 3103 987 3163 Nic.
1012 3102 1057 3175 Π,
1085 3103 1117 3180 7,
1146 3104 1229 3162 1108
1254 3100 1288 3175 h,
1315 3103 1344 3184 3,

226 3190 287 3261 III,
320 3193 352 3266 7,
387 3195 471 3252 1114
495 3213 527 3266 a,
561 3197 611 3255 26.
658 3191 782 3253 Constat
804 3202 904 3253 autem
927 3193 988 3252 alia
1010 3211 1145 3273 quoque,
1177 3210 1257 3270 quae
1278 3210 1345 3269 per-

227 3280 323 3338 tinent
346 3278 384 3339 ad
399 3300 503 3343 mores
531 3280 702 3342 educandos
730 3301 768 3343 ex
795 3283 1056 3362 peripateticorum
1088 3279 1247 3360 disciplina
1278 3299 1345 3359 pro·

226 3368 306 3428 fecta
340 3368 474 3449 dispersa
511 3392 566 3452 per
605 3371 718 3431 scholia
748 3373 855 3434 iecere.
918 3371 997 3432 Satis
1035 3371 1092 3432 erit
1131 3371 1263 3432 animum
1294 3367 1344 3427 ad·

226 3467 344 3517 vertere
367 3459 406 3518 ad
433 3462 654 3524 observationes
685 3461 768 3520 haud
797 3463 841 3520 ite
870 3481 939 3521 raro
970 3460 1136 3540 adscriptas
1166 3459 1277 3518 similes
1302 3459 1344 3518 eis

225 3545 425 3626 Theophrasti
447 3552 480 3610 in
502 3551 735 3613 characteribus.

314 3635 383 3711 Sed,
407 3653 442 3698 ut
465 3642 523 3699 iem
547 3640 789 3719 progrediemur,
822 3661 920 3721 pauca
943 3639 980 3700 de
1000 3640 1195 3707 narratione
1218 3635 1345 3698 dicenda

315 3813 335 3882 1)
354 3813 466 3869 Minime
493 3815 522 3867 in
545 3815 635 3870 animo
664 3815 750 3869 habeo
778 3815 839 3869 illes
868 3814 1034 3870 exscribere:
1062 3813 1146 3869 liceat
1169 3814 1205 3869 ad
1231 3813 1343 3886 priores

225 3886 241 3937 6
264 3883 360 3938 Iliadis
384 3885 470 3940 libros
493 3887 568 3940 locos
599 3887 761 3955 praecipuos
785 3887 931 3954 adnotare;
960 3886 993 3940 de
1017 3885 1117 3940 timore
1142 3891 1166 3940 A
1186 3887 1219 3941 21
1246 3882 1344 3947 ΑΒΤ,

223 3957 247 4005 A
261 3957 312 4010 152
326 3956 370 4024 G„
390 3959 414 4006 A
427 3960 478 4011 212
491 3957 570 4024 Me„
589 3959 785 4024 B196ABT,
804 3959 894 4013 Besa
907 3957 969 4022 BT,
988 3957 1078 4011 Β360
1096 3957 1144 4018 G„
1163 3957 1255 4012 8391
1278 3955 1340 4020 BT,

224 4027 313 4082 Beol
332 4027 370 4096 B,
396 4030 482 4082 Γ276
506 4028 555 4096 Gn
583 4029 617 4084 de
640 4030 827 4084 misericordia
854 4031 926 4084 Α13
948 4027 1160 4098 utemur„
1188 4031 1213 4079 A
1234 4027 1268 4081 19
1298 4026 1344 4092 Gr,

223 4101 295 4153 Aeo
312 4099 345 4167 Β,
364 4102 433 4156 Ass
452 4100 515 4166 BT,
535 4102 621 4156 Asos
639 4103 701 4168 BT,
721 4103 811 4156 Base
829 4101 891 4170 BT,
909 4102 999 4155 370³
1018 4101 1050 4168 Β,
1070 4101 1154 4156 Γ306
1171 4101 1235 4166 ΒΤ,
1256 4101 1343 4153 Γ242

222 4169 285 4228 BT,
305 4172 334 4222 Δ
344 4173 378 4226 56
397 4171 429 4236 T,
449 4172 540 4226 Alsa
558 4172 620 4239 BT,
640 4175 666 4223 Ε
676 4175 727 4228 663
746 4173 808 4241 BT,
827 4175 852 4224 Ζ
862 4174 896 4228 56
915 4173 946 4240 T,
966 4173 1053 4226 2413
1072 4171 1134 4226 ΒΤ.
1172 4174 1267 4242 Plura,
1294 4170 1343 4227 sed

223 4240 333 4298 minime
353 4243 443 4298 omnia
460 4243 570 4298 invenis
587 4244 660 4312 apud
677 4245 765 4300 Adam
783 4246 832 4299 1.1.
846 4247 894 4311 33,
913 4243 962 4312 qui
980 4243 1174 4300 adnotationes
1194 4248 1229 4302 ed
1250 4248 1312 4301 arte

222 4314 358 4381 poeticam
376 4315 548 4384 pertinentes
568 4315 602 4369 ab
621 4315 669 4383 eis,
690 4333 759 4385 quae
778 4317 812 4371 ed
830 4321 919 4372 artem
937 4316 1104 4372 rhetoricam
1125 4323 1267 4388 spectant,
1287 4319 1320 4373 di·

223 4399 335 4442 cernere
353 4387 455 4442 omisit.
546 4443 548 4448 ,

312 4456 333 4527 ²)
351 4458 368 4512 l.
388 4459 406 4514 l.
427 4473 452 4528 p.
472 4461 532 4514 261,

1130 4570 1146 4622 6
