3356 5150
803 439 1023 498 -16-

354 612 372 678 ὃ
393 611 520 695 ποιητὴς
543 617 640 678 εἰπεῖν
664 612 744 694 ῥεῖα
768 613 795 676 ‹5’
820 609 864 676 dv
887 611 1045 692 ἀκμῆτες
1067 617 1118 676 καὶ
1140 611 1219 691 ὲξῆς,
1250 615 1414 693 προέκρινε
1437 616 1470 678 dt

352 703 391 767 τὸ
414 703 453 783 τι)
476 703 593 782 ποιήσει
615 700 746 778 μάλιστα
770 703 948 782 ἐπιπρέπον.
997 705 1115 764 Dixerit
1138 706 1216 766 enim
1233 707 1379 786 quispiam
1403 724 1469 766 var·

352 815 404 857 sne
427 795 494 855 illos
519 793 584 878 (44.
609 795 680 874 45):
749 832 751 836 .

513 881 579 961 ῥεῖα
602 884 636 944 dt
658 885 686 944 κ’
712 879 842 960 ἀκμῆτες
863 879 1035 959 κεκμηότας
1057 875 1174 960 ἄνδρας
1197 878 1274 960 ἀυτῇ

512 967 649 1047 ὤσαιμεν
670 976 764 1051 προτὶ
788 967 864 1034 ἕσιν
887 977 968 1034 νεῶν
991 965 1054 1032 ἄπο
1077 975 1127 1032 καὶ
1150 970 1299 1034 κλισιάων

354 1062 429 1122 nihil
460 1060 544 1123 aliud
575 1083 640 1123 esse
672 1083 761 1144 quam
794 1062 1019 1138 explicationem
1051 1063 1226 1122 verborum:
1259 1060 1347 1140 ὀλίγη
1379 1063 1411 1124 δὲ
1441 1057 1466 1121 τ’

353 1149 541 1227 ἀνάπνευσις
562 1152 713 1226 πολέμοιο
735 1150 793 1232 (τε.
810 1152 881 1234 43),
906 1150 961 1213 sad
985 1161 1054 1212 sunt
1078 1150 1149 1212 dicti
1171 1152 1236 1211 sive
1258 1161 1383 1230 possunt
1405 1153 1470 1212 esee

354 1241 425 1302 dicti
457 1243 622 1303 acerbitate
655 1241 799 1322 quadam,
836 1261 902 1300 cum
934 1261 1026 1322 penes
1058 1241 1205 1300 Achillem
1238 1243 1277 1300 sit
1305 1243 1471 1322 requietem

354 1332 437 1392 illam
460 1332 586 1394 Graecis
610 1351 728 1411 parare.
777 1329 869 1392 Vides
891 1332 999 1410 igitur,
1034 1339 1148 1410 quanta
1172 1330 1329 1408 diligentia
1352 1341 1471 1392 veteres

353 1422 517 1482 Homerum
541 1422 693 1501 explicare
716 1420 894 1494 studuerint,
919 1441 974 1480 nec
997 1441 1055 1482 uon
1072 1441 1122 1482 eos
1137 1440 1314 1500 persuasum
1329 1420 1471 1482 habuisse

353 1520 473 1590 poetam
497 1511 572 1570 nihil
596 1508 716 1585 dixisse,
741 1511 822 1591 quod
846 1513 983 1570 acumine
1006 1519 1129 1574 careret.
1170 1510 1272 1570 Talem
1293 1510 1396 1570 iudicii
1412 1510 1471 1570 ele·

353 1603 501 1678 gantiam,
534 1619 595 1681 qua
622 1600 759 1679 singulae
786 1599 872 1660 ideae
899 1602 977 1660 inter
999 1620 1032 1661 se
1055 1611 1265 1674 secernuntur,
1297 1600 1361 1681 vel,
1391 1619 1470 1679 qnae

354 1700 425 1770 apta
446 1689 569 1750 suntad
585 1690 767 1749 incitandum
792 1689 941 1771 quendam
965 1691 1056 1749 animi
1072 1691 1220 1763 affectum,
1245 1688 1471 1767 distinguuntur

353 1783 392 1840 ab
416 1782 476 1855 eis,
508 1800 587 1860 quae
618 1789 689 1860 apta
720 1799 783 1841 esee
814 1779 969 1854 videntur,
1000 1778 1082 1860 apud
1105 1780 1327 1856 Hermogenem
1351 1798 1471 1859 qnoque

352 1869 478 1930 diversis
500 1870 574 1930 locis
598 1867 820 1953 admiramur1).

441 1963 483 2020 At
505 1961 625 2020 minime
649 1960 770 2034 sufficit,
794 1968 829 2018 nt
851 1979 949 2020 sermo
972 1961 1011 2018 sit
1033 1979 1127 2038 purus
1148 1968 1178 2020 et
1193 1960 1378 2039 perspicuus.
1417 1957 1471 2019 Oa·

354 2049 484 2110 rendum
508 2058 567 2126 est,
599 2069 637 2110 ue
661 2051 692 2108 in
716 2050 898 2108 contrarium
920 2049 1009 2108 huius
1032 2050 1151 2108 virtutis
1174 2051 1279 2108 vitium
1304 2047 1418 2108 incidat
1439 2049 1471 2108 iu

352 2145 531 2200 tenultatem
549 2148 579 2200 et
601 2143 803 2200 humilitatem
828 2132 975 2215 (εὐτέλεια
1007 2148 1037 2198 et
1059 2140 1303 2220 ταπείνωσις)2),
1331 2147 1366 2196 ut
1395 2138 1471 2198 Her·

353 2249 495 2306 magenes
519 2238 601 2290 reete
624 2230 656 2286 in
675 2227 734 2286 fine
750 2227 935 2307 paragraphi
955 2236 1063 2289 monet.
1103 2227 1235 2288 Accedat
1256 2227 1294 2286 ad
1310 2229 1471 2307 perspicui·

355 2328 445 2378 tatem
468 2337 590 2378 necesse
612 2326 658 2375 est
681 2318 894 2376 sententiarum
926 2318 1060 2394 gravitas
1084 2325 1176 2398 atque
1199 2316 1332 2394 dignitas
1355 2328 1385 2378 et
1407 2337 1470 2376 ver·

354 2409 460 2467 horum
484 2407 579 2486 copia.
619 2405 739 2486 Optimo
763 2407 857 2484 igitur
877 2408 943 2466 iure
958 2415 1067 2468 tractat
1082 2407 1133 2466 illc
1149 2415 1216 2486 post
1231 2408 1469 2487 perspicuitatem

354 2502 587 2570 magnitudinem
608 2492 766 2581 (μέγεθος)
789 2497 915 2576 eiusque
938 2491 1097 2578 speciesss).
1413 2571 1416 2576 Ι

443 2584 645 2663 Magnitudini
679 2587 848 2663 iunguntur
877 2591 1007 2659 dignitas
1040 2595 1069 2646 et
1100 2592 1265 2662 amplitudo
1301 2579 1408 2666 (ὄγκος
1441 2592 1471 2642 et

355 2671 499 2760 ἀξίωμα).
545 2675 768 2750 Quaerentibus
792 2684 902 2748 autem,
927 2695 998 2734 num
1014 2676 1192 2736 Eustathins
1214 2677 1283 2734 illas
1306 2693 1394 2734 voces
1418 2671 1471 2732 ad·

354 2767 481 2848 miserit,
513 2775 648 2824 occurret
675 2762 856 2840 neyetdoerv
886 2760 1059 2849 A8(21)';
1090 2764 1334 2843 μεγαλοπρεπῶς
1361 2768 1389 2826 Β
1408 2763 1471 2824 118

354 2855 455 2933 (189),
479 2859 509 2916 Β
528 2859 591 2916 412
615 2853 722 2933 (248);
754 2848 880 2928 ἀξίωσις
902 2860 928 2916 Α
950 2857 1011 2915 279
1035 2855 1139 2933 (103);
1170 2854 1291 2928 σεμνῶς
1312 2847 1357 2927 ὡς
1380 2846 1472 2927 ttio-

287 2938 290 2944 ’
354 2943 489 3016 ματικσῖς
510 2950 540 3006 Β
556 2947 617 3006 129
635 2941 743 3023 (190);
773 2937 867 3019 ὄγκος
890 2950 916 3004 Α
939 2948 954 3004 1
978 2942 1062 3026 (12),
1086 2948 1120 3003 Ν
1133 2946 1195 3006 249
1219 2941 1328 3025 (929),
1343 2947 1389 3004 ’Π
1409 2946 1470 3004 772

357 3029 488 3117 (1086),
520 3033 623 3095 0678
645 3032 774 3115 (1613),
806 3035 904 3107 ξ293
923 3029 1054 3115 (1763),
1079 3052 1097 3092 o
1120 3035 1181 3094 533
1204 3029 1335 3114 (1790),
1367 3033 1470 3108 χ’402

355 3123 483 3202 (1932),
515 3128 545 3184 Σ
565 3123 630 3184 410
651 3118 772 3207 (1150),
796 3128 826 3184 Ω
848 3125 912 3184 262
933 3123 1057 3202 (1349).
1103 3123 1230 3183 Duobus
1257 3123 1370 3183 ultimis
1400 3122 1471 3182 locis

356 3205 442 3294 ὄγκῳ
467 3213 621 3291 oppositus
644 3221 690 3272 est
713 3209 854 3284 ταπεινὸς
876 3209 979 3289 λόγος.

446 3300 564 3376 Quibus
586 3302 756 3380 praemissis
780 3300 817 3360 de
833 3308 984 3374 gravitate
1001 3297 1179 3383 (σεμνότης)
1196 3303 1263 3381 ipsa
1275 3299 1472 3385 videamns4).

445 3389 536 3450 Cuius
568 3391 743 3458 sententiae
773 3399 843 3450 sunt
871 3389 1090 3472 quadruplices.
1137 3392 1250 3451 Locum
1277 3391 1474 3470 principalem

357 3489 460 3540 tenent
482 3480 568 3546 dicia
582 3480 620 3546 de
634 3479 712 3560 deis,
735 3479 788 3540 sed
804 3500 840 3539 ea
855 3489 981 3554 tantum,
1007 3497 1085 3560 quae
1101 3501 1138 3540 ea
1159 3479 1343 3541 verecundia
1359 3493 1392 3541 et
1406 3481 1473 3541 reli·

357 3571 449 3647 gione
471 3569 590 3648 prolata
611 3578 691 3642 sunt,
717 3589 777 3648 qua
801 3569 887 3630 decet
895 3567 930 3652 ⁶).
977 3571 1150 3630 Sententiae
1173 3571 1262 3650 enim,
1292 3571 1401 3650 quibus
1423 3569 1473 3628 dei

446 3743 467 3814 ¹)
485 3742 519 3798 cf.
539 3757 561 3798 e.
576 3760 603 3812 g.
622 3743 659 3810 ΙΙ,
678 3745 739 3805 391,
757 3746 805 3811 33;
824 3745 885 3812 395,
905 3745 952 3812 195
971 3745 1032 3808 346,
1053 3747 1082 3811 1;
1101 3745 1162 3809 317,
1182 3746 1216 3798 17
1236 3745 1281 3814 Sp.
1301 3749 1353 3799 ete.

445 3813 467 3885 ⁸)
485 3818 642 3870 cansionae
661 3830 693 3869 εε
711 3814 914 3886 significatione
933 3821 1045 3884 praeter
1056 3815 1131 3868 locos
1150 3817 1229 3870 modo
1248 3813 1399 3871 laudandos
1417 3826 1471 3866 uno

355 3889 463 3941 tantum
482 3887 541 3941 loco
561 3886 714 3941 adhibitum
733 3902 792 3941 esse
811 3893 860 3940 tuo
879 3887 939 3941 iure
959 3887 1117 3952 contendas,
1143 3901 1179 3942 sc.
1193 3909 1208 3938 κ
1221 3889 1269 3941 171
1284 3886 1387 3956 (1653)
1405 3879 1472 3951 μηδὲ

354 3957 406 4029 γιὶρ
424 3958 530 4048 κεῖσθαι
548 3958 582 4042 τι)
599 3959 648 4048 τοι)
661 3959 840 4044 ὑποκορισμοῦ
858 3957 987 4009 ταπεινὸν
999 3959 1062 4030 παρ’
1073 3958 1176 4030 Ὁμήρῳ
1188 3956 1230 4009 did
1248 3955 1281 4008 τὸ
1293 3955 1472 4024 ὑγηλόφιννον

355 4051 399 4081 aar
418 4047 955 4173 legthodaddhadhorldrqllmglwrlaprstolt
978 4117 1028 4169 per
1053 4118 1083 4157 se
1106 4107 1183 4156 stare
1201 4104 1325 4169 possunt,
1350 4098 1472 4166 reliquae

356 4174 401 4228 vel
420 4173 493 4228 inter
513 4190 543 4228 se
561 4174 607 4228 vel
625 4189 684 4228 cum
705 4173 767 4228 aliis
786 4173 895 4228 misceri
915 4174 1020 4228 solent:
1040 4174 1074 4230 cf.
1093 4175 1130 4241 H,
1149 4175 1201 4228 286
1219 4186 1259 4235 sq.
1279 4170 1325 4238 Sp.

445 4245 468 4316 ⁴)
487 4245 522 4312 11,
543 4247 594 4300 287
613 4261 672 4312 sqq.
693 4248 737 4316 Sp.

356 4391 408 4444 287
435 4318 470 4445 25)
487 4320 548 4443 isreel
566 4316 643 4368 θεῶν
662 4315 691 4369 δὲ
715 4318 750 4372 ὡς
772 4320 832 4388 περὶ
855 4316 932 4368 θεῶν
950 4316 985 4367 τοὶ
1003 4319 1116 4369 cornicor
1135 4312 1261 4382 λέγεσθαι
1280 4317 1357 4382 φημί·
1382 4314 1416 4369 Cf·
1435 4285 1491 4382 11,¹

410 4431 417 4457 ι
464 4396 469 4410 ’
508 4407 534 4460 p.
