3356 5150
793 445 985 500 ..6-

331 640 399 679 nam
429 621 566 699 quamvis
595 619 689 678 multa
717 628 820 678 nostra
847 622 987 700 opinione
1010 641 1152 701 perversa
1175 631 1206 680 et
1228 621 1353 682 ridicula
1377 623 1444 702 sint,

332 728 485 788 nunquam
516 709 728 768 obliviscamur
752 709 895 769 eiusmodi
917 710 1017 770 studia
1040 713 1082 770 eis
1107 713 1304 792 temporibus,
1338 711 1446 792 quibus

332 798 446 857 scholia
462 807 527 857 orta
544 807 623 877 sunt,
648 798 734 857 modo
758 809 844 859 netas
867 801 1037 877 longissime
1059 801 1170 861 afuisse
1194 801 1232 860 ab
1256 801 1308 860 illa
1331 801 1446 881 perfec·
1477 863 1479 868 ,

332 889 422 961 tione,
441 908 530 967 quam
546 907 600 946 nos
618 898 767 948 assecutos
784 910 847 948 esse
860 888 1034 966 gloriamur.
1069 890 1117 948 Ita
1132 891 1213 950 valet
1228 892 1259 949 in
1275 891 1445 950 universum

332 977 369 1036 de
392 977 511 1036 scholiis
528 979 703 1054 exegeticis,
729 978 811 1058 quod
827 979 952 1038 Roomer
976 978 1013 1038 de
1030 980 1197 1038 Aristotelis
1219 981 1446 1060 quaestionibus

332 1066 498 1126 Homericis
515 1066 669 1127 iudicavit.
681 1069 706 1145 1)
746 1067 831 1142 Quae
847 1078 908 1126 tam
924 1089 995 1126 vere
1012 1067 1090 1127 diota
1113 1078 1192 1149 sunt,
1216 1081 1249 1128 ut
1265 1071 1363 1129 facere
1387 1091 1446 1128 non

332 1157 450 1235 possim,
484 1158 557 1236 quin
589 1176 625 1215 ea
655 1157 712 1216 hoc
743 1157 807 1215 loco
839 1168 987 1236 repetam:
1024 1159 1128 1228 „Priift
1162 1180 1231 1216 man
1266 1158 1313 1219 die
1348 1159 1447 1218 bisher

332 1245 511 1324 gegebeuen
533 1246 654 1322 Fragou
682 1246 760 1304 nach
788 1247 882 1306 ihrem
905 1247 1015 1318 Inhalt,
1045 1268 1077 1306 so
1107 1246 1205 1306 dicite
1233 1268 1264 1306 es
1286 1249 1379 1307 kaurn
1402 1248 1447 1307 als

332 1335 399 1394 eine
429 1330 659 1394 danhenswerte
683 1335 824 1414 Aufgabe
852 1336 1026 1396 bezeichuet
1050 1336 1177 1412 werden,
1208 1337 1271 1396 sich
1295 1337 1392 1396 dieser
1415 1358 1447 1396 so

331 1425 467 1482 ziemlich
503 1424 663 1500 allgemein
698 1426 893 1484 verurteilten
926 1426 1071 1484 Weisheit
1102 1427 1315 1490 anaunehmen.
1362 1427 1446 1486 Doch

331 1515 409 1573 habe
431 1513 480 1572 ich
498 1512 555 1572 den
572 1513 706 1574 Versueh
722 1515 863 1592 gemacht
877 1514 939 1575 und
961 1515 1009 1574 die
1024 1505 1252 1594 Uberzeugung
1268 1536 1446 1595 gewonnen,

332 1602 398 1682 dass
429 1624 499 1661 men
531 1603 666 1666 Unreoht
697 1603 774 1675 thut‚
806 1625 894 1663 wenn
924 1626 993 1663 man
1024 1607 1067 1664 sie
1096 1605 1173 1664 nach
1205 1604 1271 1664 dem
1305 1607 1448 1682 heutigen

332 1691 543 1768 Standpunkte
567 1691 619 1752 der
640 1693 816 1771 Forschung
839 1694 998 1754 heurtoilt:
1022 1714 1078 1754 uns
1102 1715 1172 1772 mag
1192 1697 1283 1769 jaso
1307 1695 1446 1754 manches

332 1785 502 1860 ungereimt
529 1780 592 1840 und
623 1781 728 1841 albern
760 1782 947 1856 erscheinen,
980 1785 1053 1844 aber
1083 1785 1114 1842 in
1145 1783 1247 1844 diesen
1274 1784 1448 1844 Versuchen

331 1872 412 1950 liegt
428 1872 586 1930 immerhin
604 1870 651 1930 die
664 1871 858 1932 lobenswerte
871 1873 1028 1948 Tendens,
1041 1872 1098 1932 den
1111 1873 1313 1934 allverehrten
1326 1875 1449 1932 Dichter

333 1981 435 2036 gegen
451 1960 650 2019 unstatthafte
666 1962 801 2040 Angriiie
824 1983 862 2022 zu
885 1963 1036 2042 schiitzon,
1061 1962 1123 2022 und
1146 1964 1208 2022 sich
1232 1963 1294 2024 und
1317 1962 1449 2022 anderen

332 2051 407 2110 iiber
437 2051 563 2110 manche
595 2049 708 2110 dunhle
739 2049 800 2109 und
831 2053 960 2130 strittige
992 2053 1113 2112 Punkte
1145 2053 1285 2112 Klarheit
1315 2074 1353 2112 zu
1383 2073 1448 2113 ver-

334 2139 477 2222 schaffen,
502 2138 551 2198 die
574 2149 673 2219 spinter
697 2139 755 2198 den
779 2139 1059 2200 alexandrinischen
1075 2141 1252 2218 Philologen
1275 2144 1323 2202 cin
1347 2143 1448 2202 Ratsel

332 2229 492 2307 gebliebeu
517 2228 584 2288 sind
609 2228 671 2287 und
695 2249 761 2288 num
779 2229 846 2288 Teil
861 2230 952 2289 heute
978 2231 1055 2290 noch
1079 2229 1161 2288 nicht
1177 2231 1342 2310 ausgehellt
1364 2231 1446 2311 sind;

331 2319 394 2378 und
422 2339 509 2378 wenn
540 2318 578 2376 da
601 2317 777 2378 Aristoteles
806 2319 884 2377 auch
911 2320 994 2378 nicht
1022 2321 1125 2378 immor
1153 2319 1250 2379 lautcr
1277 2321 1449 2398 gliickliche

333 2408 426 2468 Griffe
450 2407 563 2485 gethan
586 2407 648 2479 hat,
674 2427 734 2466 wer
757 2407 874 2466 mdehte
902 2429 934 2467 os
957 2409 1018 2468 ihm
1041 2429 1190 2485 verargen
1214 2429 1252 2468 zu
1275 2412 1356 2468 einer
1372 2411 1447 2483 Zeis,

334 2517 379 2556 wo
403 2496 450 2555 die
471 2492 588 2574 κριτική
605 2495 666 2555 und
684 2495 878 2575 γραμματική
893 2499 970 2557 noch
986 2519 1018 2558 so
1034 2499 1170 2557 uiemlieh
1185 2500 1217 2556 in
1233 2497 1290 2558 den
1306 2499 1449 2558 Wiudeln

333 2588 413 2663 lag,“
463 2587 564 2665 Atque
598 2587 622 2644 si
657 2596 777 2646 nostrae
813 2590 919 2648 aetatis
959 2589 1183 2648 commentarios
1221 2589 1447 2668 perlustramus,

334 2697 393 2735 non
409 2675 474 2736 dico
491 2675 530 2734 ad
542 2684 659 2734 veteres
676 2678 833 2756 scriptores
846 2677 898 2736 sed
914 2676 952 2735 ad
968 2680 1063 2737 nostri
1079 2680 1184 2758 populi
1199 2688 1353 2757 poetarum
1368 2680 1447 2758 prin·

335 2768 415 2845 cipes
437 2767 572 2845 inprimis
597 2764 634 2824 ad
658 2764 829 2840 Goethium,
858 2767 1057 2827 confitendum
1082 2779 1134 2840 est,
1159 2769 1255 2827 ineis
1278 2768 1358 2827 haud
1382 2788 1448 2827 raro

334 2856 427 2913 multa
450 2854 543 2913 multo
567 2855 689 2935 pravius
713 2855 862 2934 explicata
885 2875 950 2915 esse
978 2877 1067 2936 quam
1091 2857 1129 2916 ab
1153 2859 1366 2938 interpretibus
1389 2858 1448 2917 illis

335 2943 494 3024 veteribus,
521 2945 630 3024 quibus
654 2964 714 3003 non
735 2955 852 3024 praesto
871 2955 955 3004 erant
971 2946 1084 3005 auxilia
1107 2957 1168 3005 tam
1185 2950 1313 3027 copiosa,
1340 2948 1448 3028 quibus

334 3034 472 3093 instructi
488 3035 545 3093 viri
569 3031 648 3092 docti
671 3043 788 3094 nostrae
811 3036 918 3094 aetatis
941 3035 1033 3111 multo
1057 3036 1173 3095 facilius
1194 3034 1231 3094 ad
1249 3036 1446 3109 difficultates,

335 3143 413 3203 quae
430 3123 549 3182 obviam
565 3123 649 3197 fiunt,
675 3122 834 3183 solvendas
851 3122 1005 3186 accedunt.
1045 3125 1140 3184 Multa
1160 3136 1259 3184 autem
1275 3127 1306 3183 in
1330 3126 1448 3184 scholiis

335 3213 457 3290 egregie
480 3213 636 3271 observata
659 3222 737 3272 sunt.
785 3213 834 3272 Sic
857 3233 882 3273 e.
901 3235 931 3290 g.
957 3236 1015 3273 non
1046 3215 1136 3273 nullis
1166 3214 1344 3274 scholiorum
1377 3215 1448 3273 locis

334 3323 413 3362 nova
436 3301 487 3360 lux
504 3301 671 3360 Aristotelis
694 3303 751 3360 arti
774 3305 909 3382 poeticae
930 3304 1062 3378 affertur,
1087 3306 1139 3383 qui
1162 3303 1220 3362 loci
1235 3307 1344 3363 rectius
1369 3303 1448 3363 eolli-

326 3388 477 3470 gerentur
501 3411 590 3470 quam
615 3411 741 3464 errores,
772 3403 805 3450 ut
829 3392 1012 3452 consuetudo
1037 3413 1137 3452 eorum
1162 3402 1219 3465 est,
1253 3395 1305 3472 qui
1332 3394 1388 3452 hac
1412 3393 1449 3453 de

334 3482 460 3541 materia
491 3488 595 3557 agunt.
655 3481 796 3540 Attamen
832 3483 921 3542 talem
953 3483 1154 3541 collectionem
1189 3479 1283 3540 nemo
1306 3484 1449 3562 perficere

334 3580 446 3652 potest,
484 3571 541 3628 nisi
576 3570 677 3630 multis
708 3573 794 3630 annis
826 3573 1006 3652 consumptis
1038 3582 1158 3631 strenuo
1190 3583 1280 3650 atque
1311 3572 1448 3650 diligenti

334 3661 446 3722 labore.
492 3659 592 3734 Quare
624 3661 688 3738 ipse
719 3680 840 3740 qnoque
869 3682 939 3720 mox
971 3672 1089 3720 coactus
1117 3682 1181 3720 sum
1205 3665 1394 3740 acquiescere
1417 3665 1449 3721 in

334 3750 501 3830 praeceptis
534 3747 570 3808 de
601 3759 664 3808 arte
696 3749 852 3823 rhetorica,
885 3772 963 3831 quae
995 3751 1086 3828 elegi,
1119 3752 1189 3831 quia
1221 3749 1257 3810 de
1289 3753 1330 3812 eis
1361 3772 1447 3810 nemo

335 3839 434 3898 adhuc
457 3838 621 3918 inquisivit,
647 3859 713 3896 eum
738 3859 783 3914 ea,
808 3861 886 3919 quae
910 3841 1024 3899 scholia
1048 3843 1153 3899 docent
1176 3839 1213 3899 de
1235 3852 1299 3900 arte
1321 3843 1446 3921 poetica,

335 3929 384 3987 hic
406 3928 468 3986 illic
491 3928 595 3986 saltem
618 3929 676 3987 viri
698 3927 776 3990 docti
792 3929 897 3990 leviter
921 3930 1085 4006 attigerint.
1124 3929 1183 3990 Sed
1203 3951 1241 3989 ue
1256 3932 1312 3989 hoc
1329 3929 1448 4009 quidem

334 4037 443 4077 munus
457 4018 514 4076 hoe
534 4021 598 4076 loco
614 4018 769 4078 absolvere
784 4039 914 4098 possum,
938 4040 1005 4079 cum
1028 4029 1089 4080 tam
1105 4020 1215 4079 multae
1232 4021 1448 4080 controversiae

335 4107 465 4168 nondum
489 4104 668 4167 diiudicatae
691 4117 856 4181 occurrant,
880 4119 914 4168 ut
937 4129 1040 4168 earum
1056 4110 1132 4169 mole
1156 4112 1241 4188 quasi
1265 4110 1447 4188 opprimaris.

335 4198 402 4273 Quo
425 4198 536 4256 factum
560 4207 613 4270 est,
644 4207 679 4256 ut
702 4199 902 4257 constituerim
931 4218 969 4257 ex
993 4219 1094 4258 earum
1118 4218 1240 4259 numero
1264 4197 1340 4258 duas
1364 4218 1447 4260 accu-

427 4393 449 4462 1)
466 4389 628 4447 Relationes
647 4392 805 4448 academiae
824 4392 986 4461 Bavaricae,
1007 4395 1084 4461 1884,
1103 4391 1163 4450 289.
