<?xml version="1.0" encoding="UTF-8"?>
<!DOCTYPE html PUBLIC "-//W3C//DTD XHTML 1.0 Transitional//EN"
    "http://www.w3.org/TR/xhtml1/DTD/xhtml1-transitional.dtd">
<html xmlns="http://www.w3.org/1999/xhtml" xml:lang="en" lang="en">
 <head>
  <title>
</title>
<meta http-equiv="Content-Type" content="text/html;charset=utf-8" />
  <meta name='ocr-system' content='tesseract 3.04.00' />
  <meta name='ocr-capabilities' content='ocr_page ocr_carea ocr_par ocr_line ocrx_word'/>
</head>
<body>
  <div class='ocr_page' id='page_1' title='image "./descholiisadhom00lehngoog_0017.png"; bbox 0 0 3356 5150; ppageno 0'>
   <div class='ocr_carea' id='block_1_1' title="bbox 755 455 974 515">
    <p class='ocr_par' dir='ltr' id='par_1_1' title="bbox 755 455 974 515">
     <span class='ocr_line' id='line_1_1' title="bbox 755 455 974 515; baseline 0.009 -17"><span class='ocrx_word' id='word_1_1' title='bbox 755 455 974 515; x_wconf 81' lang='lat'>-12-</span> 
     </span>
    </p>
   </div>
   <div class='ocr_carea' id='block_1_2' title="bbox 304 628 1523 990">
    <p class='ocr_par' dir='ltr' id='par_1_2' title="bbox 304 628 1523 990">
     <span class='ocr_line' id='line_1_2' title="bbox 305 628 1420 713; baseline -0.001 -20"><span class='ocrx_word' id='word_1_2' title='bbox 305 651 397 712; x_wconf 85' lang='lat' dir='ltr'>genes</span> <span class='ocrx_word' id='word_1_3' title='bbox 427 632 583 693; x_wconf 89' lang='lat' dir='ltr'>constituit</span> <span class='ocrx_word' id='word_1_4' title='bbox 610 653 649 693; x_wconf 91' lang='lat' dir='ltr'>ex</span> <span class='ocrx_word' id='word_1_5' title='bbox 675 633 734 693; x_wconf 89' lang='lat' dir='ltr'>illis</span> <span class='ocrx_word' id='word_1_6' title='bbox 761 633 929 709; x_wconf 85' lang='lat' dir='ltr'>elementis,</span> <span class='ocrx_word' id='word_1_7' title='bbox 958 653 1036 713; x_wconf 89' lang='lat' dir='ltr'>quae</span> <span class='ocrx_word' id='word_1_8' title='bbox 1064 640 1147 693; x_wconf 85' lang='lat' dir='ltr'>sunt:</span> <span class='ocrx_word' id='word_1_9' title='bbox 1176 628 1292 696; x_wconf 78' lang='grc' dir='ltr'><strong><em>ἔννοιαι</em></strong></span> <span class='ocrx_word' id='word_1_10' title='bbox 1317 630 1420 712; x_wconf 85' lang='lat' dir='ltr'>(argu-</span> 
     </span>
     <span class='ocr_line' id='line_1_3' title="bbox 305 719 1421 808; baseline 0.001 -25"><span class='ocrx_word' id='word_1_11' title='bbox 305 723 461 802; x_wconf 79' lang='lat' dir='ltr'>mentum),</span> <span class='ocrx_word' id='word_1_12' title='bbox 483 721 621 798; x_wconf 81' lang='grc' dir='ltr'><strong><em>μὲθοδος</em></strong></span> <span class='ocrx_word' id='word_1_13' title='bbox 646 721 765 808; x_wconf 89' lang='lat' dir='ltr'>(modus</span> <span class='ocrx_word' id='word_1_14' title='bbox 780 720 1011 806; x_wconf 82' lang='lat' dir='ltr'>enuntiandi)¹),</span> <span class='ocrx_word' id='word_1_15' title='bbox 1036 722 1116 798; x_wconf 61' lang='lat' dir='ltr'>regor</span> <span class='ocrx_word' id='word_1_16' title='bbox 1132 719 1297 808; x_wconf 78' lang='lat' dir='ltr'>(elocutio),</span> <span class='ocrx_word' id='word_1_17' title='bbox 1318 721 1421 801; x_wconf 83' lang='grc' dir='ltr'><strong><em>σχῆμα</em></strong></span> 
     </span>
     <span class='ocr_line' id='line_1_4' title="bbox 306 807 1523 896; baseline 0.001 -25"><span class='ocrx_word' id='word_1_18' title='bbox 306 812 439 892; x_wconf 87' lang='lat' dir='ltr'>(figura),</span> <span class='ocrx_word' id='word_1_19' title='bbox 462 815 569 874; x_wconf 80' lang='grc' dir='ltr'><strong><em>κῶλον</em></strong></span> <span class='ocrx_word' id='word_1_20' title='bbox 585 811 787 896; x_wconf 85' lang='lat' dir='ltr'>(membrum),</span> <span class='ocrx_word' id='word_1_21' title='bbox 813 810 953 891; x_wconf 78' lang='grc' dir='ltr'><strong><em>συνθήκη</em></strong></span> <span class='ocrx_word' id='word_1_22' title='bbox 969 811 1180 895; x_wconf 90' lang='lat' dir='ltr'>(compositio),</span> <span class='ocrx_word' id='word_1_23' title='bbox 1205 807 1327 892; x_wconf 76' lang='grc' dir='ltr'><strong><em>ῥυθμὸς</em></strong></span> <span class='ocrx_word' id='word_1_24' title='bbox 1349 809 1420 896; x_wconf 73' lang='lat' dir='ltr'>(nm</span> <span class='ocrx_word' id='word_1_25' title='bbox 1520 809 1523 816; x_wconf 82' lang='grc'><strong>’</strong></span> 
     </span>
     <span class='ocr_line' id='line_1_5' title="bbox 304 897 816 990; baseline 0.008 -26"><span class='ocrx_word' id='word_1_26' title='bbox 304 899 427 981; x_wconf 83' lang='lat' dir='ltr'>merus),</span> <span class='ocrx_word' id='word_1_27' title='bbox 452 897 622 978; x_wconf 80' lang='grc' dir='ltr'><strong><em>ἀνάπαυσις</em></strong></span> <span class='ocrx_word' id='word_1_28' title='bbox 644 899 816 990; x_wconf 86' lang='lat' dir='ltr'>(clausula).</span> 
     </span>
    </p>
   </div>
   <div class='ocr_carea' id='block_1_3' title="bbox 282 981 1422 3490">
    <p class='ocr_par' dir='ltr' id='par_1_3' title="bbox 303 981 1422 1342">
     <span class='ocr_line' id='line_1_6' title="bbox 393 981 1419 1074; baseline 0 -22"><span class='ocrx_word' id='word_1_29' title='bbox 393 981 511 1068; x_wconf 77' lang='lat' dir='ltr'>Quibus</span> <span class='ocrx_word' id='word_1_30' title='bbox 533 995 703 1074; x_wconf 79' lang='lat' dir='ltr'>praemissis</span> <span class='ocrx_word' id='word_1_31' title='bbox 723 996 783 1055; x_wconf 89' lang='lat' dir='ltr'>iam</span> <span class='ocrx_word' id='word_1_32' title='bbox 803 992 960 1054; x_wconf 86' lang='lat' dir='ltr'>videamus</span> <span class='ocrx_word' id='word_1_33' title='bbox 976 991 1014 1053; x_wconf 93' lang='lat' dir='ltr'>de</span> <span class='ocrx_word' id='word_1_34' title='bbox 1029 992 1157 1070; x_wconf 92' lang='lat' dir='ltr'>singulis</span> <span class='ocrx_word' id='word_1_35' title='bbox 1171 988 1256 1055; x_wconf 88' lang='lat' dir='ltr'>ideis.</span> <span class='ocrx_word' id='word_1_36' title='bbox 1295 991 1419 1052; x_wconf 85' lang='lat' dir='ltr'>Initium</span> 
     </span>
     <span class='ocr_line' id='line_1_7' title="bbox 304 1081 1422 1164; baseline 0 -22"><span class='ocrx_word' id='word_1_37' title='bbox 304 1083 386 1162; x_wconf 84' lang='lat' dir='ltr'>capit</span> <span class='ocrx_word' id='word_1_38' title='bbox 408 1081 613 1161; x_wconf 85' lang='lat' dir='ltr'>Hermogenes</span> <span class='ocrx_word' id='word_1_39' title='bbox 637 1083 676 1144; x_wconf 88' lang='lat' dir='ltr'>ab</span> <span class='ocrx_word' id='word_1_40' title='bbox 699 1104 736 1144; x_wconf 89' lang='lat' dir='ltr'>ea</span> <span class='ocrx_word' id='word_1_41' title='bbox 758 1081 836 1158; x_wconf 88' lang='lat' dir='ltr'>idea,</span> <span class='ocrx_word' id='word_1_42' title='bbox 865 1103 943 1164; x_wconf 90' lang='lat' dir='ltr'>quae</span> <span class='ocrx_word' id='word_1_43' title='bbox 967 1083 1046 1144; x_wconf 92' lang='lat' dir='ltr'>omni</span> <span class='ocrx_word' id='word_1_44' title='bbox 1069 1083 1196 1142; x_wconf 89' lang='lat' dir='ltr'>sermoni</span> <span class='ocrx_word' id='word_1_45' title='bbox 1219 1083 1349 1142; x_wconf 87' lang='lat' dir='ltr'>maxime</span> <span class='ocrx_word' id='word_1_46' title='bbox 1371 1101 1422 1142; x_wconf 90' lang='lat' dir='ltr'>ne·</span> 
     </span>
     <span class='ocr_line' id='line_1_8' title="bbox 304 1171 1422 1256; baseline 0 -24"><span class='ocrx_word' id='word_1_47' title='bbox 304 1173 433 1232; x_wconf 90' lang='lat' dir='ltr'>cessaria</span> <span class='ocrx_word' id='word_1_48' title='bbox 460 1181 518 1248; x_wconf 89' lang='lat' dir='ltr'>est,</span> <span class='ocrx_word' id='word_1_49' title='bbox 551 1194 569 1232; x_wconf 92' lang='lat' dir='ltr'>a</span> <span class='ocrx_word' id='word_1_50' title='bbox 597 1173 747 1256; x_wconf 80' lang='lat' dir='ltr'>claritate,</span> <span class='ocrx_word' id='word_1_51' title='bbox 781 1181 886 1253; x_wconf 85' lang='lat' dir='ltr'>atque,</span> <span class='ocrx_word' id='word_1_52' title='bbox 919 1193 986 1233; x_wconf 89' lang='lat' dir='ltr'>cum</span> <span class='ocrx_word' id='word_1_53' title='bbox 1013 1173 1042 1231; x_wconf 90' lang='lat' dir='ltr'>ei</span> <span class='ocrx_word' id='word_1_54' title='bbox 1070 1171 1148 1232; x_wconf 90' lang='lat' dir='ltr'>duae</span> <span class='ocrx_word' id='word_1_55' title='bbox 1177 1172 1235 1232; x_wconf 91' lang='lat' dir='ltr'>sint</span> <span class='ocrx_word' id='word_1_56' title='bbox 1264 1180 1379 1251; x_wconf 92' lang='lat' dir='ltr'>partes,</span> <span class='ocrx_word' id='word_1_57' title='bbox 1403 1193 1422 1232; x_wconf 90' lang='lat' dir='ltr'>a</span> 
     </span>
     <span class='ocr_line' id='line_1_9' title="bbox 303 1261 477 1342; baseline 0.011 -21"><span class='ocrx_word' id='word_1_58' title='bbox 303 1261 477 1342; x_wconf 77' lang='lat' dir='ltr'>puritat02).</span> 
     </span>
    </p>

    <p class='ocr_par' dir='ltr' id='par_1_4' title="bbox 282 1348 1421 2152">
     <span class='ocr_line' id='line_1_10' title="bbox 393 1348 1421 1432; baseline -0.001 -20"><span class='ocrx_word' id='word_1_59' title='bbox 393 1359 474 1414; x_wconf 89' lang='lat' dir='ltr'>Pura</span> <span class='ocrx_word' id='word_1_60' title='bbox 494 1355 589 1414; x_wconf 89' lang='lat' dir='ltr'>oratio</span> <span class='ocrx_word' id='word_1_61' title='bbox 612 1353 655 1428; x_wconf 88' lang='lat' dir='ltr'>fit,</span> <span class='ocrx_word' id='word_1_62' title='bbox 680 1353 705 1412; x_wconf 91' lang='lat' dir='ltr'>si</span> <span class='ocrx_word' id='word_1_63' title='bbox 729 1353 796 1432; x_wconf 87' lang='lat' dir='ltr'>quis</span> <span class='ocrx_word' id='word_1_64' title='bbox 819 1372 882 1412; x_wconf 92' lang='lat' dir='ltr'>rem</span> <span class='ocrx_word' id='word_1_65' title='bbox 904 1348 986 1411; x_wconf 91' lang='lat' dir='ltr'>nude</span> <span class='ocrx_word' id='word_1_66' title='bbox 1009 1358 1039 1411; x_wconf 93' lang='lat' dir='ltr'>et</span> <span class='ocrx_word' id='word_1_67' title='bbox 1062 1350 1195 1412; x_wconf 86' lang='lat' dir='ltr'>breviter</span> <span class='ocrx_word' id='word_1_68' title='bbox 1210 1359 1321 1426; x_wconf 84' lang='lat' dir='ltr'>narrat,</span> <span class='ocrx_word' id='word_1_69' title='bbox 1345 1351 1421 1411; x_wconf 88' lang='lat' dir='ltr'>nihil</span> 
     </span>
     <span class='ocr_line' id='line_1_11' title="bbox 304 1439 1421 1523; baseline -0.002 -21"><span class='ocrx_word' id='word_1_70' title='bbox 304 1443 488 1502; x_wconf 85' lang='lat' dir='ltr'>extrinsecus</span> <span class='ocrx_word' id='word_1_71' title='bbox 511 1442 647 1520; x_wconf 86' lang='lat' dir='ltr'>iniciens,</span> <span class='ocrx_word' id='word_1_72' title='bbox 672 1441 753 1523; x_wconf 92' lang='lat' dir='ltr'>quod</span> <span class='ocrx_word' id='word_1_73' title='bbox 776 1463 837 1502; x_wconf 91' lang='lat' dir='ltr'>non</span> <span class='ocrx_word' id='word_1_74' title='bbox 860 1439 898 1500; x_wconf 90' lang='lat' dir='ltr'>ad</span> <span class='ocrx_word' id='word_1_75' title='bbox 918 1461 979 1501; x_wconf 93' lang='lat' dir='ltr'>rem</span> <span class='ocrx_word' id='word_1_76' title='bbox 1000 1449 1124 1518; x_wconf 88' lang='lat' dir='ltr'>spectat.</span> <span class='ocrx_word' id='word_1_77' title='bbox 1166 1439 1339 1502; x_wconf 79' lang='lat' dir='ltr'>Sententiae</span> <span class='ocrx_word' id='word_1_78' title='bbox 1362 1442 1421 1501; x_wconf 89' lang='lat' dir='ltr'>sint</span> 
     </span>
     <span class='ocr_line' id='line_1_12' title="bbox 304 1529 1421 1614; baseline 0 -24"><span class='ocrx_word' id='word_1_79' title='bbox 304 1551 481 1609; x_wconf 87' lang='lat' dir='ltr'>communes,</span> <span class='ocrx_word' id='word_1_80' title='bbox 507 1551 587 1612; x_wconf 91' lang='lat' dir='ltr'>quae</span> <span class='ocrx_word' id='word_1_81' title='bbox 609 1531 648 1592; x_wconf 86' lang='lat' dir='ltr'>ab</span> <span class='ocrx_word' id='word_1_82' title='bbox 673 1531 810 1592; x_wconf 89' lang='lat' dir='ltr'>omnibus</span> <span class='ocrx_word' id='word_1_83' title='bbox 832 1530 921 1591; x_wconf 87' lang='lat' dir='ltr'>facile</span> <span class='ocrx_word' id='word_1_84' title='bbox 942 1529 1158 1614; x_wconf 82' lang='lat' dir='ltr'>intelligantur,</span> <span class='ocrx_word' id='word_1_85' title='bbox 1183 1531 1268 1591; x_wconf 90' lang='lat' dir='ltr'>nulla</span> <span class='ocrx_word' id='word_1_86' title='bbox 1288 1529 1421 1590; x_wconf 83' lang='lat' dir='ltr'>admixta</span> 
     </span>
     <span class='ocr_line' id='line_1_13' title="bbox 304 1615 1421 1702; baseline 0.001 -23"><span class='ocrx_word' id='word_1_87' title='bbox 304 1621 458 1680; x_wconf 86' lang='lat' dir='ltr'>remotiore</span> <span class='ocrx_word' id='word_1_88' title='bbox 484 1620 632 1696; x_wconf 89' lang='lat' dir='ltr'>doctrina;</span> <span class='ocrx_word' id='word_1_89' title='bbox 665 1623 769 1702; x_wconf 92' lang='lat' dir='ltr'>itaque</span> <span class='ocrx_word' id='word_1_90' title='bbox 798 1622 1004 1698; x_wconf 83' lang='lat' dir='ltr'>Hermogenes</span> <span class='ocrx_word' id='word_1_91' title='bbox 1039 1619 1227 1680; x_wconf 88' lang='lat' dir='ltr'>commendat</span> <span class='ocrx_word' id='word_1_92' title='bbox 1261 1615 1421 1698; x_wconf 83' lang='grc' dir='ltr'><strong><em>ἀφηγημα-</em></strong></span> 
     </span>
     <span class='ocr_line' id='line_1_14' title="bbox 304 1705 1421 1791; baseline -0.001 -22"><span class='ocrx_word' id='word_1_93' title='bbox 304 1705 431 1790; x_wconf 53' lang='grc' dir='ltr'><strong><em>τικῶςῧ)</em></strong></span> <span class='ocrx_word' id='word_1_94' title='bbox 454 1730 502 1771; x_wconf 90' lang='lat' dir='ltr'>res</span> <span class='ocrx_word' id='word_1_95' title='bbox 518 1731 693 1791; x_wconf 86' lang='lat' dir='ltr'>proponere.</span> <span class='ocrx_word' id='word_1_96' title='bbox 740 1711 822 1771; x_wconf 88' lang='lat' dir='ltr'>Idem</span> <span class='ocrx_word' id='word_1_97' title='bbox 846 1709 989 1770; x_wconf 89' lang='lat' dir='ltr'>iudicium</span> <span class='ocrx_word' id='word_1_98' title='bbox 1012 1710 1070 1769; x_wconf 78' lang='lat' dir='ltr'>fert</span> <span class='ocrx_word' id='word_1_99' title='bbox 1090 1709 1275 1778; x_wconf 75' lang='lat' dir='ltr'>Euatathius,</span> <span class='ocrx_word' id='word_1_100' title='bbox 1301 1711 1325 1770; x_wconf 94' lang='lat' dir='ltr'>si</span> <span class='ocrx_word' id='word_1_101' title='bbox 1350 1710 1421 1768; x_wconf 90' lang='lat' dir='ltr'>dicit</span> 
     </span>
     <span class='ocr_line' id='line_1_15' title="bbox 304 1789 1421 1879; baseline 0 -19"><span class='ocrx_word' id='word_1_102' title='bbox 304 1803 359 1860; x_wconf 77' lang='lat' dir='ltr'>Al</span> <span class='ocrx_word' id='word_1_103' title='bbox 387 1795 451 1879; x_wconf 81' lang='grc'>(7);</span> <span class='ocrx_word' id='word_1_104' title='bbox 476 1789 524 1860; x_wconf 75' lang='grc' dir='ltr'>ὅτι</span> <span class='ocrx_word' id='word_1_105' title='bbox 548 1802 582 1861; x_wconf 76' lang='grc' dir='ltr'>δὲ</span> <span class='ocrx_word' id='word_1_106' title='bbox 605 1798 690 1862; x_wconf 80' lang='grc' dir='ltr'><strong><em>οἶδεν</em></strong></span> <span class='ocrx_word' id='word_1_107' title='bbox 713 1795 876 1879; x_wconf 82' lang='grc' dir='ltr'><strong><em>ὃποιητής</em></strong></span> <span class='ocrx_word' id='word_1_108' title='bbox 898 1802 948 1860; x_wconf 79' lang='grc' dir='ltr'>καὶ</span> <span class='ocrx_word' id='word_1_109' title='bbox 971 1794 1029 1876; x_wconf 87' lang='grc' dir='ltr'>τήν</span> <span class='ocrx_word' id='word_1_110' title='bbox 1053 1796 1131 1859; x_wconf 87' lang='grc' dir='ltr'><strong><em>κατά</em></strong></span> <span class='ocrx_word' id='word_1_111' title='bbox 1153 1797 1246 1874; x_wconf 82' lang='grc' dir='ltr'><strong><em>φύσιν</em></strong></span> <span class='ocrx_word' id='word_1_112' title='bbox 1267 1794 1421 1878; x_wconf 77' lang='grc' dir='ltr'><em>ἀφήγησιν</em></span> 
     </span>
     <span class='ocr_line' id='line_1_16' title="bbox 304 1882 1420 1968; baseline 0.001 -20"><span class='ocrx_word' id='word_1_113' title='bbox 304 1882 372 1967; x_wconf 87' lang='grc' dir='ltr'><strong><em>ήτοι</em></strong></span> <span class='ocrx_word' id='word_1_114' title='bbox 388 1883 445 1966; x_wconf 83' lang='grc' dir='ltr'>τήν</span> <span class='ocrx_word' id='word_1_115' title='bbox 461 1886 524 1950; x_wconf 84' lang='grc' dir='ltr'>ἀπὸ</span> <span class='ocrx_word' id='word_1_116' title='bbox 540 1895 607 1950; x_wconf 79' lang='grc' dir='ltr'>τῶν</span> <span class='ocrx_word' id='word_1_117' title='bbox 621 1887 761 1968; x_wconf 80' lang='grc' dir='ltr'><strong><em>πρώτων</em></strong></span> <span class='ocrx_word' id='word_1_118' title='bbox 777 1885 954 1967; x_wconf 78' lang='grc' dir='ltr'><em>ἀρχομένην</em></span> <span class='ocrx_word' id='word_1_119' title='bbox 970 1886 1021 1950; x_wconf 86' lang='grc' dir='ltr'>διά</span> <span class='ocrx_word' id='word_1_120' title='bbox 1036 1892 1204 1966; x_wconf 80' lang='grc' dir='ltr'><strong><em>σαφηνεὶαν</em></strong></span> <span class='ocrx_word' id='word_1_121' title='bbox 1227 1892 1277 1949; x_wconf 81' lang='grc' dir='ltr'>καὶ</span> <span class='ocrx_word' id='word_1_122' title='bbox 1292 1894 1420 1967; x_wconf 81' lang='grc' dir='ltr'><strong><em>προιοῦ-</em></strong></span> 
     </span>
     <span class='ocr_line' id='line_1_17' title="bbox 282 1975 1418 2062; baseline 0.001 -24"><span class='ocrx_word' id='word_1_123' title='bbox 282 2011 284 2015; x_wconf 92' lang='grc'>-</span> <span class='ocrx_word' id='word_1_124' title='bbox 305 1991 363 2038; x_wconf 90' lang='grc' dir='ltr'>σαν</span> <span class='ocrx_word' id='word_1_125' title='bbox 378 1976 427 2039; x_wconf 80' lang='grc' dir='ltr'>ἐπὶ</span> <span class='ocrx_word' id='word_1_126' title='bbox 443 1975 480 2038; x_wconf 86' lang='grc' dir='ltr'>τά</span> <span class='ocrx_word' id='word_1_127' title='bbox 495 1977 603 2057; x_wconf 80' lang='grc' dir='ltr'><strong><em>ἐφεξῆς</em></strong></span> <span class='ocrx_word' id='word_1_128' title='bbox 619 1977 812 2058; x_wconf 69' lang='grc' dir='ltr'><strong><em>δειχθήσεται</em></strong></span> <span class='ocrx_word' id='word_1_129' title='bbox 827 1979 1005 2055; x_wconf 53' lang='lat' dir='ltr'>scortarem</span> <span class='ocrx_word' id='word_1_130' title='bbox 1027 1979 1063 2042; x_wconf 83' lang='lat' dir='ltr'>cf.</span> <span class='ocrx_word' id='word_1_131' title='bbox 1080 1983 1100 2038; x_wconf 94' lang='lat' dir='ltr'><strong><em>I</em></strong></span> <span class='ocrx_word' id='word_1_132' title='bbox 1113 1983 1174 2040; x_wconf 80' lang='lat'>525</span> <span class='ocrx_word' id='word_1_133' title='bbox 1190 1975 1291 2062; x_wconf 81' lang='lat'><strong>(771),</strong></span> <span class='ocrx_word' id='word_1_134' title='bbox 1308 1984 1338 2039; x_wconf 73' lang='grc' dir='ltr'>,Ω</span> <span class='ocrx_word' id='word_1_135' title='bbox 1356 1983 1418 2040; x_wconf 83' lang='grc'>229</span> 
     </span>
     <span class='ocr_line' id='line_1_18' title="bbox 305 2063 710 2152; baseline 0.015 -24"><span class='ocrx_word' id='word_1_136' title='bbox 305 2063 428 2152; x_wconf 77' lang='lat'><strong>(1347),</strong></span> <span class='ocrx_word' id='word_1_137' title='bbox 454 2069 473 2143; x_wconf 77' lang='grc' dir='ltr'><strong><em>ξ</em></strong></span> <span class='ocrx_word' id='word_1_138' title='bbox 499 2071 559 2130; x_wconf 82' lang='lat'>126</span> <span class='ocrx_word' id='word_1_139' title='bbox 584 2066 710 2152; x_wconf 76' lang='lat'>(1754).</span> 
     </span>
    </p>

    <p class='ocr_par' dir='ltr' id='par_1_5' title="bbox 303 2157 1420 2684">
     <span class='ocr_line' id='line_1_19' title="bbox 393 2157 1419 2238; baseline -0.002 -20"><span class='ocrx_word' id='word_1_140' title='bbox 393 2157 503 2218; x_wconf 77' lang='lat' dir='ltr'>Contra</span> <span class='ocrx_word' id='word_1_141' title='bbox 525 2159 745 2238; x_wconf 87' lang='lat' dir='ltr'>simplieitatem</span> <span class='ocrx_word' id='word_1_142' title='bbox 769 2167 867 2217; x_wconf 87' lang='lat' dir='ltr'>autem</span> <span class='ocrx_word' id='word_1_143' title='bbox 890 2160 921 2216; x_wconf 91' lang='lat' dir='ltr'>in</span> <span class='ocrx_word' id='word_1_144' title='bbox 939 2159 1108 2216; x_wconf 84' lang='lat' dir='ltr'>narratione</span> <span class='ocrx_word' id='word_1_145' title='bbox 1124 2166 1241 2236; x_wconf 82' lang='lat' dir='ltr'>pugnat</span> <span class='ocrx_word' id='word_1_146' title='bbox 1256 2159 1322 2230; x_wconf 75' lang='lat' dir='ltr'>loci,</span> <span class='ocrx_word' id='word_1_147' title='bbox 1347 2167 1419 2218; x_wconf 88' lang='lat' dir='ltr'>tem-</span> 
     </span>
     <span class='ocr_line' id='line_1_20' title="bbox 305 2242 1418 2328; baseline 0 -22"><span class='ocrx_word' id='word_1_148' title='bbox 305 2249 394 2326; x_wconf 90' lang='lat' dir='ltr'>poris,</span> <span class='ocrx_word' id='word_1_149' title='bbox 419 2245 509 2328; x_wconf 88' lang='lat' dir='ltr'>modi,</span> <span class='ocrx_word' id='word_1_150' title='bbox 535 2248 676 2319; x_wconf 91' lang='lat' dir='ltr'>aliorum,</span> <span class='ocrx_word' id='word_1_151' title='bbox 701 2267 780 2327; x_wconf 87' lang='lat' dir='ltr'>quae</span> <span class='ocrx_word' id='word_1_152' title='bbox 804 2246 923 2307; x_wconf 90' lang='lat' dir='ltr'>nomine</span> <span class='ocrx_word' id='word_1_153' title='bbox 944 2242 1143 2324; x_wconf 66' lang='lat' dir='ltr'>repuerascat&amp;</span> <span class='ocrx_word' id='word_1_154' title='bbox 1167 2247 1322 2327; x_wconf 84' lang='lat' dir='ltr'>complecti</span> <span class='ocrx_word' id='word_1_155' title='bbox 1345 2247 1418 2307; x_wconf 87' lang='lat' dir='ltr'>sole·</span> 
     </span>
     <span class='ocr_line' id='line_1_21' title="bbox 304 2335 1419 2415; baseline 0 -19"><span class='ocrx_word' id='word_1_156' title='bbox 304 2355 385 2410; x_wconf 89' lang='lat' dir='ltr'>mus,</span> <span class='ocrx_word' id='word_1_157' title='bbox 410 2338 589 2396; x_wconf 86' lang='lat' dir='ltr'>mentionem</span> <span class='ocrx_word' id='word_1_158' title='bbox 612 2337 718 2399; x_wconf 83' lang='lat' dir='ltr'>facere.</span> <span class='ocrx_word' id='word_1_159' title='bbox 764 2337 813 2396; x_wconf 87' lang='lat' dir='ltr'>Ab</span> <span class='ocrx_word' id='word_1_160' title='bbox 837 2335 941 2395; x_wconf 90' lang='lat' dir='ltr'>eadem</span> <span class='ocrx_word' id='word_1_161' title='bbox 971 2338 1111 2415; x_wconf 90' lang='lat' dir='ltr'>opinione</span> <span class='ocrx_word' id='word_1_162' title='bbox 1140 2337 1288 2414; x_wconf 87' lang='lat' dir='ltr'>profectus</span> <span class='ocrx_word' id='word_1_163' title='bbox 1312 2338 1419 2396; x_wconf 73' lang='lat' dir='ltr'>nuere-</span> 
     </span>
     <span class='ocr_line' id='line_1_22' title="bbox 304 2417 1420 2509; baseline 0.002 -26"><span class='ocrx_word' id='word_1_164' title='bbox 304 2425 384 2484; x_wconf 85' lang='lat' dir='ltr'>thius</span> <span class='ocrx_word' id='word_1_165' title='bbox 400 2424 526 2484; x_wconf 86' lang='lat' dir='ltr'>adnotat</span> <span class='ocrx_word' id='word_1_166' title='bbox 542 2425 579 2484; x_wconf 86' lang='lat' dir='ltr'>ad</span> <span class='ocrx_word' id='word_1_167' title='bbox 597 2427 615 2486; x_wconf 94' lang='grc' dir='ltr'><strong><em>δ</em></strong></span> <span class='ocrx_word' id='word_1_168' title='bbox 632 2428 693 2486; x_wconf 86' lang='grc'>399</span> <span class='ocrx_word' id='word_1_169' title='bbox 713 2424 843 2509; x_wconf 79' lang='grc' dir='ltr'>(1501)ι</span> <span class='ocrx_word' id='word_1_170' title='bbox 869 2417 928 2503; x_wconf 78' lang='grc' dir='ltr'>ὅρα</span> <span class='ocrx_word' id='word_1_171' title='bbox 952 2426 985 2486; x_wconf 78' lang='grc' dir='ltr'>δὲ</span> <span class='ocrx_word' id='word_1_172' title='bbox 1009 2420 1052 2497; x_wconf 77' lang='grc' dir='ltr'>(ὃς</span> <span class='ocrx_word' id='word_1_173' title='bbox 1076 2428 1168 2500; x_wconf 72' lang='grc' dir='ltr'><strong><em>σαφὲς</em></strong></span> <span class='ocrx_word' id='word_1_174' title='bbox 1190 2427 1247 2498; x_wconf 77' lang='grc' dir='ltr'>μὲν</span> <span class='ocrx_word' id='word_1_175' title='bbox 1267 2421 1303 2487; x_wconf 88' lang='grc' dir='ltr'>τὸ</span> <span class='ocrx_word' id='word_1_176' title='bbox 1319 2426 1420 2502; x_wconf 82' lang='grc' dir='ltr'><strong><em>σχῆμα</em></strong></span> 
     </span>
     <span class='ocr_line' id='line_1_23' title="bbox 303 2509 1418 2594; baseline -0.001 -19"><span class='ocrx_word' id='word_1_177' title='bbox 303 2519 361 2575; x_wconf 85' lang='grc' dir='ltr'>τοῦ</span> <span class='ocrx_word' id='word_1_178' title='bbox 374 2512 561 2592; x_wconf 76' lang='grc' dir='ltr'><strong><em>διηγήματος</em></strong></span> <span class='ocrx_word' id='word_1_179' title='bbox 576 2514 609 2577; x_wconf 82' lang='grc' dir='ltr'>ἐν</span> <span class='ocrx_word' id='word_1_180' title='bbox 621 2515 658 2592; x_wconf 65' lang='lat' dir='ltr'>‘cri</span> <span class='ocrx_word' id='word_1_181' title='bbox 673 2517 807 2593; x_wconf 74' lang='grc' dir='ltr'><strong><em>εἰσβολῇ,</em></strong></span> <span class='ocrx_word' id='word_1_182' title='bbox 823 2509 888 2594; x_wconf 87' lang='grc' dir='ltr'><strong><em>ήτις</em></strong></span> <span class='ocrx_word' id='word_1_183' title='bbox 903 2513 966 2576; x_wconf 73' lang='grc' dir='ltr'><strong><em>ἔστι</em></strong></span> <span class='ocrx_word' id='word_1_184' title='bbox 983 2510 1017 2574; x_wconf 80' lang='grc' dir='ltr'>τά</span> <span class='ocrx_word' id='word_1_185' title='bbox 1039 2518 1220 2576; x_wconf 79' lang='grc' dir='ltr'><strong><em>πωλεῖταί</em></strong></span> <span class='ocrx_word' id='word_1_186' title='bbox 1234 2536 1287 2587; x_wconf 89' lang='grc' dir='ltr'>τις</span> <span class='ocrx_word' id='word_1_187' title='bbox 1307 2514 1418 2592; x_wconf 80' lang='grc' dir='ltr'><strong><em>δεῦρο</em></strong></span> 
     </span>
     <span class='ocr_line' id='line_1_24' title="bbox 303 2600 1218 2684; baseline 0.001 -20"><span class='ocrx_word' id='word_1_188' title='bbox 303 2607 352 2664; x_wconf 76' lang='grc' dir='ltr'>καὶ</span> <span class='ocrx_word' id='word_1_189' title='bbox 375 2601 445 2682; x_wconf 73' lang='grc' dir='ltr'><strong><em>ἓξής</em></strong></span> <span class='ocrx_word' id='word_1_190' title='bbox 462 2624 469 2639; x_wconf 88' lang='grc'><em>·</em></span> <span class='ocrx_word' id='word_1_191' title='bbox 487 2600 505 2683; x_wconf 86' lang='grc' dir='ltr'><strong><em>ή</em></strong></span> <span class='ocrx_word' id='word_1_192' title='bbox 529 2606 562 2665; x_wconf 79' lang='grc' dir='ltr'>δὲ</span> <span class='ocrx_word' id='word_1_193' title='bbox 585 2603 690 2667; x_wconf 70' lang='grc' dir='ltr'><strong><em>ἔννοια</em></strong></span> <span class='ocrx_word' id='word_1_194' title='bbox 714 2602 833 2683; x_wconf 85' lang='grc' dir='ltr'><strong><em>συχνήν</em></strong></span> <span class='ocrx_word' id='word_1_195' title='bbox 856 2603 916 2681; x_wconf 73' lang='grc' dir='ltr'><strong><em>ἔχει</em></strong></span> <span class='ocrx_word' id='word_1_196' title='bbox 939 2600 1116 2684; x_wconf 78' lang='grc' dir='ltr'><strong><em>περιβολήν,</em></strong></span> <span class='ocrx_word' id='word_1_197' title='bbox 1135 2653 1141 2667; x_wconf 91' lang='grc'><strong>.</strong></span> <span class='ocrx_word' id='word_1_198' title='bbox 1159 2654 1165 2666; x_wconf 94' lang='grc'><strong>.</strong></span> <span class='ocrx_word' id='word_1_199' title='bbox 1185 2652 1218 2666; x_wconf 91' lang='grc'>..</span> 
     </span>
    </p>

    <p class='ocr_par' dir='ltr' id='par_1_6' title="bbox 301 2695 1419 3490">
     <span class='ocr_line' id='line_1_25' title="bbox 392 2695 1419 2775; baseline 0.003 -23"><span class='ocrx_word' id='word_1_200' title='bbox 392 2695 523 2755; x_wconf 84' lang='lat' dir='ltr'>Maxime</span> <span class='ocrx_word' id='word_1_201' title='bbox 546 2707 644 2755; x_wconf 87' lang='lat' dir='ltr'>autem</span> <span class='ocrx_word' id='word_1_202' title='bbox 661 2697 868 2775; x_wconf 88' lang='lat' dir='ltr'>perspicuitati</span> <span class='ocrx_word' id='word_1_203' title='bbox 884 2697 1026 2755; x_wconf 89' lang='lat' dir='ltr'>sermonis</span> <span class='ocrx_word' id='word_1_204' title='bbox 1041 2695 1131 2771; x_wconf 85' lang='lat' dir='ltr'>favet,</span> <span class='ocrx_word' id='word_1_205' title='bbox 1156 2695 1231 2760; x_wconf 78' lang='lat' dir='ltr'>siin</span> <span class='ocrx_word' id='word_1_206' title='bbox 1248 2696 1419 2755; x_wconf 88' lang='lat' dir='ltr'>narratione</span> 
     </span>
     <span class='ocr_line' id='line_1_26' title="bbox 302 2783 1418 2869; baseline -0.007 -19"><span class='ocrx_word' id='word_1_207' title='bbox 302 2783 437 2850; x_wconf 81' lang='grc' dir='ltr'><strong><em>οιιιιδουι</em></strong></span> <span class='ocrx_word' id='word_1_208' title='bbox 460 2785 605 2855; x_wconf 79' lang='lat' dir='ltr'>ordinem</span> <span class='ocrx_word' id='word_1_209' title='bbox 628 2806 744 2856; x_wconf 77' lang='grc' dir='ltr'><strong><em>εοιυοι,</em></strong></span> <span class='ocrx_word' id='word_1_210' title='bbox 773 2807 834 2868; x_wconf 77' lang='lat' dir='ltr'>quo</span> <span class='ocrx_word' id='word_1_211' title='bbox 857 2807 908 2851; x_wconf 82' lang='lat' dir='ltr'>rea</span> <span class='ocrx_word' id='word_1_212' title='bbox 930 2787 1035 2869; x_wconf 82' lang='lat' dir='ltr'>factae</span> <span class='ocrx_word' id='word_1_213' title='bbox 1057 2791 1155 2852; x_wconf 78' lang='grc' dir='ltr'><strong><em>ποια.-</em></strong></span> <span class='ocrx_word' id='word_1_214' title='bbox 1192 2784 1327 2860; x_wconf 82' lang='lat' dir='ltr'>Quocum</span> <span class='ocrx_word' id='word_1_215' title='bbox 1351 2797 1418 2844; x_wconf 83' lang='lat' dir='ltr'>oon-</span> 
     </span>
     <span class='ocr_line' id='line_1_27' title="bbox 302 2863 1418 2953; baseline 0.004 -24"><span class='ocrx_word' id='word_1_216' title='bbox 302 2881 417 2949; x_wconf 86' lang='lat' dir='ltr'>gruunt</span> <span class='ocrx_word' id='word_1_217' title='bbox 432 2874 583 2933; x_wconf 80' lang='lat' dir='ltr'>Eustathii</span> <span class='ocrx_word' id='word_1_218' title='bbox 599 2874 691 2934; x_wconf 87' lang='lat' dir='ltr'>verba</span> <span class='ocrx_word' id='word_1_219' title='bbox 707 2872 744 2933; x_wconf 92' lang='lat' dir='ltr'>ad</span> <span class='ocrx_word' id='word_1_220' title='bbox 761 2880 786 2935; x_wconf 85' lang='grc' dir='ltr'><em>Λ</em></span> <span class='ocrx_word' id='word_1_221' title='bbox 806 2877 821 2934; x_wconf 91' lang='grc'>7</span> <span class='ocrx_word' id='word_1_222' title='bbox 840 2876 923 2953; x_wconf 82' lang='lat'>(20):</span> <span class='ocrx_word' id='word_1_223' title='bbox 950 2869 1016 2934; x_wconf 79' lang='grc' dir='ltr'>ἀλλ’</span> <span class='ocrx_word' id='word_1_224' title='bbox 1035 2871 1116 2934; x_wconf 79' lang='grc' dir='ltr'><strong><em>ἔστιν</em></strong></span> <span class='ocrx_word' id='word_1_225' title='bbox 1138 2863 1186 2935; x_wconf 76' lang='grc' dir='ltr'>ὅτι</span> <span class='ocrx_word' id='word_1_226' title='bbox 1202 2874 1275 2935; x_wconf 81' lang='grc' dir='ltr'><strong><em>δέον</em></strong></span> <span class='ocrx_word' id='word_1_227' title='bbox 1291 2873 1352 2935; x_wconf 78' lang='grc' dir='ltr'><strong><em>ἐστὶ</em></strong></span> <span class='ocrx_word' id='word_1_228' title='bbox 1367 2877 1418 2934; x_wconf 75' lang='grc' dir='ltr'>καὶ</span> 
     </span>
     <span class='ocr_line' id='line_1_28' title="bbox 302 2956 1419 3042; baseline 0.002 -20"><span class='ocrx_word' id='word_1_229' title='bbox 302 2956 495 3036; x_wconf 75' lang='grc' dir='ltr'><strong><em>κατὰφύσιν</em></strong></span> <span class='ocrx_word' id='word_1_230' title='bbox 518 2964 652 3040; x_wconf 77' lang='grc' dir='ltr'><strong><em>χρῆσθαι</em></strong></span> <span class='ocrx_word' id='word_1_231' title='bbox 675 2976 742 3035; x_wconf 82' lang='grc' dir='ltr'><strong><em>τοῖς</em></strong></span> <span class='ocrx_word' id='word_1_232' title='bbox 764 2962 940 3042; x_wconf 79' lang='grc' dir='ltr'><strong><em>πράγμασιν</em></strong></span> <span class='ocrx_word' id='word_1_233' title='bbox 962 2957 1061 3040; x_wconf 91' lang='grc' dir='ltr'><strong><em>ήγουν</em></strong></span> <span class='ocrx_word' id='word_1_234' title='bbox 1092 2959 1154 3023; x_wconf 86' lang='grc' dir='ltr'>ἀπὸ</span> <span class='ocrx_word' id='word_1_235' title='bbox 1185 2964 1249 3025; x_wconf 81' lang='grc' dir='ltr'>τῶν</span> <span class='ocrx_word' id='word_1_236' title='bbox 1279 2959 1419 3041; x_wconf 79' lang='grc' dir='ltr'><strong><em>πρώτων</em></strong></span> 
     </span>
     <span class='ocr_line' id='line_1_29' title="bbox 302 3043 1418 3131; baseline 0 -21"><span class='ocrx_word' id='word_1_237' title='bbox 302 3043 452 3128; x_wconf 79' lang='grc' dir='ltr'><strong><em>άρχεσθαι</em></strong></span> <span class='ocrx_word' id='word_1_238' title='bbox 475 3056 525 3112; x_wconf 85' lang='grc' dir='ltr'>καὶ</span> <span class='ocrx_word' id='word_1_239' title='bbox 542 3046 628 3113; x_wconf 79' lang='grc' dir='ltr'><strong><em>οὕτω</em></strong></span> <span class='ocrx_word' id='word_1_240' title='bbox 644 3057 825 3130; x_wconf 80' lang='grc' dir='ltr'><strong><em>προβαίνειν</em></strong></span> <span class='ocrx_word' id='word_1_241' title='bbox 847 3066 916 3126; x_wconf 87' lang='grc' dir='ltr'><strong><em>τοῖς</em></strong></span> <span class='ocrx_word' id='word_1_242' title='bbox 938 3051 1045 3130; x_wconf 79' lang='grc' dir='ltr'><strong><em>ἐφεξῆς</em></strong></span> <span class='ocrx_word' id='word_1_243' title='bbox 1061 3047 1110 3112; x_wconf 89' lang='grc' dir='ltr'>διά</span> <span class='ocrx_word' id='word_1_244' title='bbox 1126 3051 1305 3131; x_wconf 81' lang='grc' dir='ltr'><strong><em>σαφήνειαν,</em></strong></span> <span class='ocrx_word' id='word_1_245' title='bbox 1330 3062 1359 3111; x_wconf 92' lang='lat' dir='ltr'>et</span> <span class='ocrx_word' id='word_1_246' title='bbox 1380 3051 1418 3111; x_wconf 97' lang='lat' dir='ltr'>ad</span> 
     </span>
     <span class='ocr_line' id='line_1_30' title="bbox 302 3138 1416 3220; baseline 0.001 -20"><span class='ocrx_word' id='word_1_247' title='bbox 302 3143 408 3214; x_wconf 80' lang='grc' dir='ltr'><strong>ψ302</strong></span> <span class='ocrx_word' id='word_1_248' title='bbox 427 3142 554 3220; x_wconf 80' lang='grc' dir='ltr'>(1949)ι</span> <span class='ocrx_word' id='word_1_249' title='bbox 572 3188 579 3203; x_wconf 92' lang='grc'><strong>.</strong></span> <span class='ocrx_word' id='word_1_250' title='bbox 600 3193 605 3203; x_wconf 95' lang='grc'><em>.</em></span> <span class='ocrx_word' id='word_1_251' title='bbox 624 3189 631 3202; x_wconf 95' lang='grc'><strong>.</strong></span> <span class='ocrx_word' id='word_1_252' title='bbox 649 3139 727 3202; x_wconf 85' lang='grc' dir='ltr'><strong><em>κατὰ</em></strong></span> <span class='ocrx_word' id='word_1_253' title='bbox 750 3139 844 3218; x_wconf 81' lang='grc' dir='ltr'><strong><em>φύσιν</em></strong></span> <span class='ocrx_word' id='word_1_254' title='bbox 868 3139 1090 3220; x_wconf 79' lang='grc' dir='ltr'><strong><em>διηγησάμενος</em></strong></span> <span class='ocrx_word' id='word_1_255' title='bbox 1112 3144 1163 3201; x_wconf 80' lang='grc' dir='ltr'>καὶ</span> <span class='ocrx_word' id='word_1_256' title='bbox 1187 3140 1220 3201; x_wconf 81' lang='grc' dir='ltr'>ἐκ</span> <span class='ocrx_word' id='word_1_257' title='bbox 1243 3141 1309 3201; x_wconf 79' lang='grc' dir='ltr'>τῶν</span> <span class='ocrx_word' id='word_1_258' title='bbox 1331 3138 1416 3219; x_wconf 82' lang='grc' dir='ltr'><strong><em>πρώ-</em></strong></span> 
     </span>
     <span class='ocr_line' id='line_1_31' title="bbox 302 3223 1419 3309; baseline 0.001 -20"><span class='ocrx_word' id='word_1_259' title='bbox 302 3249 368 3290; x_wconf 78' lang='grc' dir='ltr'><strong><em>ττον</em></strong></span> <span class='ocrx_word' id='word_1_260' title='bbox 384 3225 541 3306; x_wconf 67' lang='grc' dir='ltr'><strong><em>εὐτάκτους</em></strong></span> <span class='ocrx_word' id='word_1_261' title='bbox 556 3226 661 3293; x_wconf 80' lang='grc' dir='ltr'><strong><em>ἐλθών</em></strong></span> <span class='ocrx_word' id='word_1_262' title='bbox 683 3228 763 3309; x_wconf 80' lang='grc' dir='ltr'><strong><em>πρὸς</em></strong></span> <span class='ocrx_word' id='word_1_263' title='bbox 786 3228 823 3292; x_wconf 85' lang='grc' dir='ltr'>τά</span> <span class='ocrx_word' id='word_1_264' title='bbox 846 3229 960 3307; x_wconf 80' lang='grc' dir='ltr'><strong><em>ἔσχατα</em></strong></span> <span class='ocrx_word' id='word_1_265' title='bbox 983 3234 1033 3292; x_wconf 78' lang='grc' dir='ltr'>καὶ</span> <span class='ocrx_word' id='word_1_266' title='bbox 1058 3233 1161 3305; x_wconf 82' lang='grc' dir='ltr'><strong><em>δεῖξας</em></strong></span> <span class='ocrx_word' id='word_1_267' title='bbox 1176 3227 1348 3303; x_wconf 79' lang='grc' dir='ltr'><strong><em>κάνταῦθα,</em></strong></span> <span class='ocrx_word' id='word_1_268' title='bbox 1374 3223 1419 3303; x_wconf 73' lang='grc' dir='ltr'>ὡς</span> 
     </span>
     <span class='ocr_line' id='line_1_32' title="bbox 302 3313 1417 3404; baseline -0.001 -24"><span class='ocrx_word' id='word_1_269' title='bbox 302 3313 363 3396; x_wconf 71' lang='lat' dir='ltr'>dica</span> <span class='ocrx_word' id='word_1_270' title='bbox 386 3322 436 3379; x_wconf 80' lang='grc' dir='ltr'>καὶ</span> <span class='ocrx_word' id='word_1_271' title='bbox 459 3319 655 3404; x_wconf 86' lang='grc' dir='ltr'><strong><em>μετατάσσειν</em></strong></span> <span class='ocrx_word' id='word_1_272' title='bbox 679 3319 743 3381; x_wconf 82' lang='grc' dir='ltr'><strong><em>οἶδε</em></strong></span> <span class='ocrx_word' id='word_1_273' title='bbox 758 3320 925 3399; x_wconf 84' lang='grc' dir='ltr'><strong><em>πράγματα</em></strong></span> <span class='ocrx_word' id='word_1_274' title='bbox 945 3324 995 3381; x_wconf 81' lang='grc' dir='ltr'>καὶ</span> <span class='ocrx_word' id='word_1_275' title='bbox 1017 3324 1241 3397; x_wconf 79' lang='grc' dir='ltr'><strong><em>περιβλητικῶς</em></strong></span> <span class='ocrx_word' id='word_1_276' title='bbox 1263 3324 1308 3400; x_wconf 80' lang='grc' dir='ltr'>τῷ</span> <span class='ocrx_word' id='word_1_277' title='bbox 1332 3339 1417 3398; x_wconf 78' lang='grc' dir='ltr'><strong><em>προι-</em></strong></span> 
     </span>
     <span class='ocr_line' id='line_1_33' title="bbox 301 3405 1418 3490; baseline 0 -21"><span class='ocrx_word' id='word_1_278' title='bbox 301 3408 445 3490; x_wconf 82' lang='grc' dir='ltr'><strong><em>θυστὲοῳ</em></strong></span> <span class='ocrx_word' id='word_1_279' title='bbox 473 3410 540 3471; x_wconf 79' lang='grc' dir='ltr'>τῶν</span> <span class='ocrx_word' id='word_1_280' title='bbox 569 3409 767 3488; x_wconf 84' lang='grc' dir='ltr'><strong><em>διηγημάτων</em></strong></span> <span class='ocrx_word' id='word_1_281' title='bbox 797 3410 1019 3483; x_wconf 81' lang='grc' dir='ltr'><strong><em>ἐνευδοκιμεῖν,</em></strong></span> <span class='ocrx_word' id='word_1_282' title='bbox 1057 3405 1100 3482; x_wconf 77' lang='grc' dir='ltr'>ὥς</span> <span class='ocrx_word' id='word_1_283' title='bbox 1129 3409 1294 3484; x_wconf 79' lang='grc' dir='ltr'><strong><em>πολλαχοῦ</em></strong></span> <span class='ocrx_word' id='word_1_284' title='bbox 1323 3407 1418 3470; x_wconf 82' lang='grc' dir='ltr'><strong><em>ἐποίει</em></strong></span> 
     </span>
    </p>
   </div>
   <div class='ocr_carea' id='block_1_4' title="bbox 301 3545 1419 4480">
    <p class='ocr_par' dir='ltr' id='par_1_7' title="bbox 302 3545 1418 3676">
     <span class='ocr_line' id='line_1_34' title="bbox 393 3545 1418 3618; baseline 0.002 -17"><span class='ocrx_word' id='word_1_285' title='bbox 393 3547 412 3617; x_wconf 86' lang='lat'>¹)</span> <span class='ocrx_word' id='word_1_286' title='bbox 442 3548 620 3603; x_wconf 79' lang='lat' dir='ltr'>Enetethium</span> <span class='ocrx_word' id='word_1_287' title='bbox 650 3547 782 3618; x_wconf 75' lang='grc' dir='ltr'><strong><em>μέθοδος,</em></strong></span> <span class='ocrx_word' id='word_1_288' title='bbox 818 3547 992 3616; x_wconf 72' lang='grc' dir='ltr'><strong><em>μεθοδεύειν,</em></strong></span> <span class='ocrx_word' id='word_1_289' title='bbox 1028 3545 1186 3615; x_wconf 78' lang='grc' dir='ltr'><strong><em>εὗμεθόδιοε</em></strong></span> <span class='ocrx_word' id='word_1_290' title='bbox 1219 3547 1418 3603; x_wconf 73' lang='lat' dir='ltr'>incredibiliter</span> 
     </span>
     <span class='ocr_line' id='line_1_35' title="bbox 302 3618 955 3676; baseline 0.006 -4"><span class='ocrx_word' id='word_1_291' title='bbox 302 3618 473 3674; x_wconf 81' lang='lat' dir='ltr'>clamavisse</span> <span class='ocrx_word' id='word_1_292' title='bbox 492 3619 621 3674; x_wconf 89' lang='lat' dir='ltr'>hocloco</span> <span class='ocrx_word' id='word_1_293' title='bbox 640 3635 751 3676; x_wconf 91' lang='lat' dir='ltr'>monere</span> <span class='ocrx_word' id='word_1_294' title='bbox 771 3621 839 3675; x_wconf 85' lang='lat' dir='ltr'>satis</span> <span class='ocrx_word' id='word_1_295' title='bbox 860 3621 955 3676; x_wconf 90' lang='lat' dir='ltr'>habeo.</span> 
     </span>
    </p>

    <p class='ocr_par' dir='ltr' id='par_1_8' title="bbox 392 3691 1289 3760">
     <span class='ocr_line' id='line_1_36' title="bbox 392 3691 1289 3760; baseline 0.009 -18"><span class='ocrx_word' id='word_1_296' title='bbox 392 3691 415 3755; x_wconf 77' lang='lat'>⁹)</span> <span class='ocrx_word' id='word_1_297' title='bbox 435 3692 469 3755; x_wconf 86' lang='lat' dir='ltr'>ll,</span> <span class='ocrx_word' id='word_1_298' title='bbox 490 3692 542 3744; x_wconf 83' lang='lat'>275</span> <span class='ocrx_word' id='word_1_299' title='bbox 562 3707 619 3758; x_wconf 90' lang='lat' dir='ltr'>sqq.</span> <span class='ocrx_word' id='word_1_300' title='bbox 640 3692 684 3760; x_wconf 88' lang='lat' dir='ltr'>Sp.</span> <span class='ocrx_word' id='word_1_301' title='bbox 1285 3715 1289 3719; x_wconf 93' lang='grc'><em>·</em></span> 
     </span>
    </p>

    <p class='ocr_par' dir='ltr' id='par_1_9' title="bbox 301 3763 1419 4480">
     <span class='ocr_line' id='line_1_37' title="bbox 393 3763 1417 3832; baseline 0 -16"><span class='ocrx_word' id='word_1_302' title='bbox 393 3763 414 3831; x_wconf 87' lang='lat'>³)</span> <span class='ocrx_word' id='word_1_303' title='bbox 432 3763 520 3817; x_wconf 87' lang='lat' dir='ltr'>Recte</span> <span class='ocrx_word' id='word_1_304' title='bbox 539 3763 693 3832; x_wconf 85' lang='lat' dir='ltr'>Baumgart</span> <span class='ocrx_word' id='word_1_305' title='bbox 718 3781 744 3831; x_wconf 89' lang='lat' dir='ltr'>p.</span> <span class='ocrx_word' id='word_1_306' title='bbox 767 3766 817 3816; x_wconf 77' lang='grc'>164</span> <span class='ocrx_word' id='word_1_307' title='bbox 837 3764 997 3820; x_wconf 82' lang='lat' dir='ltr'>observavit</span> <span class='ocrx_word' id='word_1_308' title='bbox 1015 3765 1227 3832; x_wconf 86' lang='lat' dir='ltr'>Hermogenem,</span> <span class='ocrx_word' id='word_1_309' title='bbox 1247 3779 1308 3817; x_wconf 87' lang='lat' dir='ltr'>cum</span> <span class='ocrx_word' id='word_1_310' title='bbox 1328 3763 1417 3818; x_wconf 88' lang='lat' dir='ltr'>addit:</span> 
     </span>
     <span class='ocr_line' id='line_1_38' title="bbox 301 3830 1419 3905; baseline 0.001 -22"><span class='ocrx_word' id='word_1_311' title='bbox 301 3830 423 3900; x_wconf 82' lang='grc' dir='ltr'><strong><em>μέθοδος</em></strong></span> <span class='ocrx_word' id='word_1_312' title='bbox 434 3835 485 3905; x_wconf 78' lang='grc' dir='ltr'>γάρ</span> <span class='ocrx_word' id='word_1_313' title='bbox 498 3853 538 3889; x_wconf 80' lang='grc' dir='ltr'>τις</span> <span class='ocrx_word' id='word_1_314' title='bbox 551 3833 626 3900; x_wconf 76' lang='grc' dir='ltr'><strong><em>οἶμαι</em></strong></span> <span class='ocrx_word' id='word_1_315' title='bbox 640 3838 683 3884; x_wconf 86' lang='grc' dir='ltr'>καὶ</span> <span class='ocrx_word' id='word_1_316' title='bbox 696 3834 711 3900; x_wconf 84' lang='grc' dir='ltr'><strong><em>ή</em></strong></span> <span class='ocrx_word' id='word_1_317' title='bbox 723 3834 857 3903; x_wconf 71' lang='grc' dir='ltr'><strong><em>ἀφήγησις,</em></strong></span> <span class='ocrx_word' id='word_1_318' title='bbox 877 3834 935 3886; x_wconf 75' lang='grc' dir='ltr'>ἀλλ’</span> <span class='ocrx_word' id='word_1_319' title='bbox 949 3836 980 3886; x_wconf 79' lang='grc' dir='ltr'>οὐ</span> <span class='ocrx_word' id='word_1_320' title='bbox 994 3837 1086 3901; x_wconf 81' lang='grc' dir='ltr'><strong><em>σχῆμα,</em></strong></span> <span class='ocrx_word' id='word_1_321' title='bbox 1100 3834 1135 3888; x_wconf 75' lang='grc' dir='ltr'>ὡς</span> <span class='ocrx_word' id='word_1_322' title='bbox 1148 3838 1253 3886; x_wconf 83' lang='grc' dir='ltr'><strong><em>οἴονταί</em></strong></span> <span class='ocrx_word' id='word_1_323' title='bbox 1265 3855 1344 3893; x_wconf 76' lang='grc' dir='ltr'><strong><em>τινες,</em></strong></span> <span class='ocrx_word' id='word_1_324' title='bbox 1363 3836 1419 3885; x_wconf 75' lang='grc' dir='ltr'><strong><em>ἐπεὶ</em></strong></span> 
     </span>
     <span class='ocr_line' id='line_1_39' title="bbox 302 3902 1418 3976; baseline 0.004 -21"><span class='ocrx_word' id='word_1_325' title='bbox 302 3905 333 3955; x_wconf 77' lang='grc' dir='ltr'>ἐν</span> <span class='ocrx_word' id='word_1_326' title='bbox 344 3902 453 3960; x_wconf 76' lang='grc' dir='ltr'><strong><em>πολλοῖς</em></strong></span> <span class='ocrx_word' id='word_1_327' title='bbox 472 3906 600 3972; x_wconf 80' lang='grc' dir='ltr'><strong><em>σχήμασιν</em></strong></span> <span class='ocrx_word' id='word_1_328' title='bbox 613 3905 758 3975; x_wconf 74' lang='grc' dir='ltr'><strong><em>οἶφηγήοαιο</em></strong></span> <span class='ocrx_word' id='word_1_329' title='bbox 771 3905 806 3957; x_wconf 75' lang='grc' dir='ltr'>ἄν</span> <span class='ocrx_word' id='word_1_330' title='bbox 819 3907 866 3974; x_wconf 85' lang='grc' dir='ltr'>(ΙΙ,</span> <span class='ocrx_word' id='word_1_331' title='bbox 881 3911 940 3972; x_wconf 80' lang='grc'>276,</span> <span class='ocrx_word' id='word_1_332' title='bbox 961 3910 995 3961; x_wconf 77' lang='lat'>29</span> <span class='ocrx_word' id='word_1_333' title='bbox 1009 3907 1065 3976; x_wconf 80' lang='lat' dir='ltr'>Sp),</span> <span class='ocrx_word' id='word_1_334' title='bbox 1083 3906 1247 3976; x_wconf 72' lang='lat' dir='ltr'>impugnare</span> <span class='ocrx_word' id='word_1_335' title='bbox 1266 3905 1418 3960; x_wconf 73' lang='lat' dir='ltr'>Aristidem</span> 
     </span>
     <span class='ocr_line' id='line_1_40' title="bbox 302 3977 1418 4048; baseline 0.004 -22"><span class='ocrx_word' id='word_1_336' title='bbox 302 3977 451 4031; x_wconf 82' lang='lat' dir='ltr'>dicentem:</span> <span class='ocrx_word' id='word_1_337' title='bbox 475 3982 519 4028; x_wconf 85' lang='grc' dir='ltr'>καὶ</span> <span class='ocrx_word' id='word_1_338' title='bbox 541 3977 609 4029; x_wconf 84' lang='grc' dir='ltr'><strong><em>ὅταν</em></strong></span> <span class='ocrx_word' id='word_1_339' title='bbox 627 3977 836 4045; x_wconf 71' lang='grc' dir='ltr'><strong><em>ἀφηγηματικοῖς</em></strong></span> <span class='ocrx_word' id='word_1_340' title='bbox 855 3979 962 4044; x_wconf 80' lang='grc' dir='ltr'><strong><em>σχήμασι</em></strong></span> <span class='ocrx_word' id='word_1_341' title='bbox 980 3979 1074 4048; x_wconf 67' lang='grc' dir='ltr'><strong><em>χρῆται</em></strong></span> <span class='ocrx_word' id='word_1_342' title='bbox 1093 3979 1140 4046; x_wconf 84' lang='lat' dir='ltr'>(lI,</span> <span class='ocrx_word' id='word_1_343' title='bbox 1159 3979 1226 4044; x_wconf 74' lang='lat'><strong>500,</strong></span> <span class='ocrx_word' id='word_1_344' title='bbox 1245 3977 1330 4046; x_wconf 79' lang='lat' dir='ltr'>(iSp).</span> <span class='ocrx_word' id='word_1_345' title='bbox 1344 3979 1418 4045; x_wconf 77' lang='grc' dir='ltr'>γ293</span> 
     </span>
     <span class='ocr_line' id='line_1_41' title="bbox 302 4047 1418 4116; baseline 0.002 -16"><span class='ocrx_word' id='word_1_346' title='bbox 302 4049 396 4116; x_wconf 84' lang='grc'>(1468)</span> <span class='ocrx_word' id='word_1_347' title='bbox 421 4047 510 4116; x_wconf 87' lang='lat' dir='ltr'>igitur</span> <span class='ocrx_word' id='word_1_348' title='bbox 535 4049 699 4104; x_wconf 81' lang='lat' dir='ltr'>Eustathius</span> <span class='ocrx_word' id='word_1_349' title='bbox 725 4049 878 4104; x_wconf 86' lang='lat' dir='ltr'>Aristidem</span> <span class='ocrx_word' id='word_1_350' title='bbox 903 4055 1014 4104; x_wconf 81' lang='lat' dir='ltr'>secutus</span> <span class='ocrx_word' id='word_1_351' title='bbox 1039 4065 1099 4104; x_wconf 87' lang='lat' dir='ltr'>esse</span> <span class='ocrx_word' id='word_1_352' title='bbox 1123 4050 1236 4105; x_wconf 87' lang='lat' dir='ltr'>videtur</span> <span class='ocrx_word' id='word_1_353' title='bbox 1260 4049 1360 4102; x_wconf 88' lang='lat' dir='ltr'>docens</span> <span class='ocrx_word' id='word_1_354' title='bbox 1385 4049 1418 4102; x_wconf 91' lang='lat' dir='ltr'>de</span> 
     </span>
     <span class='ocr_line' id='line_1_42' title="bbox 301 4118 1419 4188; baseline 0.001 -20"><span class='ocrx_word' id='word_1_355' title='bbox 301 4118 494 4188; x_wconf 67' lang='grc' dir='ltr'><strong><em>ἀφηγηματικῷ</em></strong></span> <span class='ocrx_word' id='word_1_356' title='bbox 512 4120 632 4186; x_wconf 80' lang='grc' dir='ltr'><strong><em>σχήματι,</em></strong></span> <span class='ocrx_word' id='word_1_357' title='bbox 652 4121 700 4174; x_wconf 88' lang='lat' dir='ltr'>sed</span> <span class='ocrx_word' id='word_1_358' title='bbox 713 4120 897 4182; x_wconf 88' lang='lat' dir='ltr'>dedoceberis‚</span> <span class='ocrx_word' id='word_1_359' title='bbox 917 4121 940 4174; x_wconf 85' lang='lat' dir='ltr'>si</span> <span class='ocrx_word' id='word_1_360' title='bbox 956 4127 1084 4176; x_wconf 85' lang='lat' dir='ltr'>accurate</span> <span class='ocrx_word' id='word_1_361' title='bbox 1097 4122 1182 4175; x_wconf 89' lang='lat' dir='ltr'>verba</span> <span class='ocrx_word' id='word_1_362' title='bbox 1195 4119 1364 4186; x_wconf 87' lang='lat' dir='ltr'>inspexeris:</span> <span class='ocrx_word' id='word_1_363' title='bbox 1377 4119 1419 4170; x_wconf 81' lang='grc' dir='ltr'>ὅτι</span> 
     </span>
     <span class='ocr_line' id='line_1_43' title="bbox 302 4189 1419 4262; baseline -0.001 -21"><span class='ocrx_word' id='word_1_364' title='bbox 302 4194 346 4242; x_wconf 88' lang='grc' dir='ltr'>καὶ</span> <span class='ocrx_word' id='word_1_365' title='bbox 364 4189 488 4241; x_wconf 77' lang='grc' dir='ltr'><strong><em>ἐνταῦθα</em></strong></span> <span class='ocrx_word' id='word_1_366' title='bbox 508 4190 583 4241; x_wconf 83' lang='grc' dir='ltr'><strong><em>καθά</em></strong></span> <span class='ocrx_word' id='word_1_367' title='bbox 602 4196 646 4243; x_wconf 85' lang='grc' dir='ltr'>καὶ</span> <span class='ocrx_word' id='word_1_368' title='bbox 663 4189 799 4257; x_wconf 76' lang='grc' dir='ltr'><strong><em>πολλαχοῦ</em></strong></span> <span class='ocrx_word' id='word_1_369' title='bbox 818 4193 865 4255; x_wconf 75' lang='grc' dir='ltr'>τῆς</span> <span class='ocrx_word' id='word_1_370' title='bbox 881 4189 989 4248; x_wconf 70' lang='grc' dir='ltr'><strong><em>Ἰλιάδος</em></strong></span> <span class='ocrx_word' id='word_1_371' title='bbox 1000 4193 1111 4259; x_wconf 86' lang='grc' dir='ltr'><strong><em>σχήματι</em></strong></span> <span class='ocrx_word' id='word_1_372' title='bbox 1124 4191 1315 4262; x_wconf 80' lang='grc' dir='ltr'><strong><em>ἀφηγηματικῷ</em></strong></span> <span class='ocrx_word' id='word_1_373' title='bbox 1325 4192 1419 4262; x_wconf 75' lang='grc' dir='ltr'><strong><em>χρῆται</em></strong></span> 
     </span>
     <span class='ocr_line' id='line_1_44' title="bbox 302 4260 1419 4334; baseline 0.003 -22"><span class='ocrx_word' id='word_1_374' title='bbox 302 4261 443 4332; x_wconf 79' lang='grc' dir='ltr'><strong><em>ἀρχομένῳ</em></strong></span> <span class='ocrx_word' id='word_1_375' title='bbox 460 4260 515 4312; x_wconf 75' lang='grc' dir='ltr'>ἀπὸ</span> <span class='ocrx_word' id='word_1_376' title='bbox 539 4264 588 4314; x_wconf 81' lang='grc' dir='ltr'>τοῦ</span> <span class='ocrx_word' id='word_1_377' title='bbox 613 4263 667 4315; x_wconf 73' lang='grc' dir='ltr'><strong><em>ἔστι</em></strong></span> <span class='ocrx_word' id='word_1_378' title='bbox 690 4264 818 4334; x_wconf 72' lang='grc' dir='ltr'><strong><em>ῥήματος·</em></strong></span> <span class='ocrx_word' id='word_1_379' title='bbox 838 4263 974 4332; x_wconf 90' lang='lat' dir='ltr'>Disputat</span> <span class='ocrx_word' id='word_1_380' title='bbox 991 4263 1080 4334; x_wconf 89' lang='lat' dir='ltr'>igitur</span> <span class='ocrx_word' id='word_1_381' title='bbox 1098 4266 1132 4319; x_wconf 92' lang='lat' dir='ltr'>de</span> <span class='ocrx_word' id='word_1_382' title='bbox 1151 4262 1277 4317; x_wconf 88' lang='lat' dir='ltr'>sollemni</span> <span class='ocrx_word' id='word_1_383' title='bbox 1295 4261 1343 4316; x_wconf 88' lang='lat' dir='ltr'>illo</span> <span class='ocrx_word' id='word_1_384' title='bbox 1362 4263 1419 4316; x_wconf 91' lang='lat' dir='ltr'>Ho-</span> 
     </span>
     <span class='ocr_line' id='line_1_45' title="bbox 302 4333 1418 4408; baseline 0.002 -20"><span class='ocrx_word' id='word_1_385' title='bbox 302 4333 465 4388; x_wconf 88' lang='lat' dir='ltr'>mericerum</span> <span class='ocrx_word' id='word_1_386' title='bbox 484 4333 672 4389; x_wconf 88' lang='lat' dir='ltr'>narrationum</span> <span class='ocrx_word' id='word_1_387' title='bbox 692 4334 771 4389; x_wconf 88' lang='lat' dir='ltr'>initio</span> <span class='ocrx_word' id='word_1_388' title='bbox 790 4333 846 4386; x_wconf 80' lang='grc' dir='ltr'>ἀπὸ</span> <span class='ocrx_word' id='word_1_389' title='bbox 863 4335 913 4387; x_wconf 82' lang='grc' dir='ltr'>τοῦ</span> <span class='ocrx_word' id='word_1_390' title='bbox 932 4336 1012 4395; x_wconf 72' lang='grc' dir='ltr'><strong><em>ἔστιν,</em></strong></span> <span class='ocrx_word' id='word_1_391' title='bbox 1035 4337 1107 4408; x_wconf 87' lang='lat' dir='ltr'>quod</span> <span class='ocrx_word' id='word_1_392' title='bbox 1124 4341 1202 4391; x_wconf 89' lang='lat' dir='ltr'>recte</span> <span class='ocrx_word' id='word_1_393' title='bbox 1221 4333 1352 4403; x_wconf 77' lang='grc' dir='ltr'><strong><em>σχήματος</em></strong></span> <span class='ocrx_word' id='word_1_394' title='bbox 1370 4350 1418 4392; x_wconf 87' lang='lat' dir='ltr'>no·</span> 
     </span>
     <span class='ocr_line' id='line_1_46' title="bbox 303 4403 784 4480; baseline 0 -18"><span class='ocrx_word' id='word_1_395' title='bbox 303 4403 376 4462; x_wconf 86' lang='lat' dir='ltr'>mine</span> <span class='ocrx_word' id='word_1_396' title='bbox 395 4403 546 4480; x_wconf 83' lang='lat' dir='ltr'>significari</span> <span class='ocrx_word' id='word_1_397' title='bbox 564 4421 643 4462; x_wconf 90' lang='lat' dir='ltr'>nemo</span> <span class='ocrx_word' id='word_1_398' title='bbox 661 4405 784 4478; x_wconf 85' lang='lat' dir='ltr'>negabit.</span> 
     </span>
    </p>
   </div>
   <div class='ocr_carea' id='block_1_5' title="bbox 0 0 1682 5150">
    <p class='ocr_par' dir='ltr' id='par_1_10' title="bbox 0 0 1682 5150">
     <span class='ocr_line' id='line_1_47' title="bbox 0 0 1682 5150; baseline 0 0"><span class='ocrx_word' id='word_1_399' title='bbox 0 0 1682 5150; x_wconf 95' lang='lat' dir='ltr'> </span> 
     </span>
    </p>
   </div>
  </div>
 </body>
</html>
