3390 5140
354 601 470 672 0423,
496 598 618 677 Φ506,
643 596 664 672 β
683 594 721 659 70
746 615 784 656 ex
807 596 973 677 Porphyrio
996 596 1157 670 fluxerunt,
1182 597 1234 676 qui
1256 595 1382 658 florebat
1404 603 1472 676 post

354 689 585 766 Hermogenem.

443 778 524 854 Ergo
548 777 658 856 optimo
683 785 756 857 puto
780 777 845 836 iure
869 796 916 835 me
948 773 1128 835 contendere
1156 794 1244 855 posse
1267 775 1386 842 scholia
1408 795 1472 841 ser-

354 873 429 934 uolo
451 868 494 933 od
516 867 691 933 Homerum
714 886 822 934 carere
844 866 992 932 doctrino
1015 865 1225 950 Hermogenis
1254 874 1284 925 et
1306 883 1472 944 perpaucos

356 956 421 1016 illos
452 955 531 1015 locos
562 965 680 1036 praeter
702 954 924 1034 Porphyriunos
952 954 1097 1033 gliscente
1127 967 1260 1035 tempore
1289 955 1411 1015 fortuito
1442 953 1473 1012 in

356 1054 526 1105 contextum
550 1046 729 1105 scholiorum
752 1047 914 1124 irrepsisse.

445 1134 542 1209 Quam
565 1134 603 1193 ad
627 1155 690 1195 rem
714 1135 825 1214 optime
848 1132 997 1214 quadrant
1020 1134 1251 1200 obseruationes
1273 1129 1420 1213 quaedam
1436 1133 1474 1198 de

356 1226 616 1302 oratoriorum,
641 1243 720 1304 quae
743 1225 774 1282 in
798 1223 918 1282 scholiis
943 1237 972 1282 es
994 1221 1074 1302 apud
1090 1223 1280 1283 Eustathium
1302 1223 1475 1302 frequenter

357 1327 525 1377 occurrunt.
573 1313 708 1388 Quarum
731 1332 842 1392 paucas
865 1311 913 1370 hio
944 1310 1055 1371 addere
1085 1311 1226 1390 sufficiat,
1260 1313 1332 1392 quia
1362 1310 1474 1371 homini

357 1424 451 1481 gnaro
476 1404 548 1462 satis
572 1412 660 1462 erunt
682 1399 720 1460 ad
743 1401 916 1461 firmandam
941 1421 1036 1461 meam
1060 1402 1248 1463 sententiam.

451 1491 500 1551 Sic
523 1494 644 1550 nomina
669 1489 838 1552 Sidearum
855 1491 974 1550 omnino
989 1492 1020 1549 in
1036 1490 1154 1550 scholiis
1170 1511 1229 1550 non
1246 1498 1373 1571 exstant,
1397 1489 1475 1550 idem

356 1583 439 1641 valet
462 1581 499 1642 de
518 1581 619 1642 verbis
637 1577 848 1660 πορὴχησις,1)
871 1576 1101 1653 κατοστατικός,
1126 1576 1280 1662 rintorp)
1303 1577 1474 1658 στρυφνόν,

360 1672 437 1749 aliis,
462 1690 541 1750 quae
565 1669 716 1729 adamavit
735 1669 912 1730 Eustathius
936 1679 965 1729 et
988 1689 1066 1750 quas
1081 1669 1327 1747 Hermogeniana
1350 1689 1387 1730 ex
1410 1668 1476 1729 doc·

360 1762 439 1819 trina
461 1760 594 1840 profecta
611 1769 688 1820 sunt.
730 1755 945 1838 Παρὴχησις,3)
970 1754 1204 1832 καταοτοτικός,
1225 1755 1373 1838 κύκλοςέ)
1397 1758 1476 1818 solus

359 1849 565 1926 Hermogenes
589 1850 713 1929 eiusque
736 1858 983 1909 commentatores
999 1859 1155 1928 usurpant.
1203 1849 1282 1908 Raro
1303 1850 1334 1907 in
1357 1847 1477 1907 scholiis

359 1940 501 2016 leguntur
525 1958 551 2000 e.
568 1959 597 2016 g.
623 1933 751 2012 ἀστεῖος,
777 1939 950 2014 γνωμικῶς,
975 1934 1084 2011 δεινός,
1116 1934 1259 2016 πάρισον,
1284 1936 1476 2016 προέκθεσις,

359 2030 519 2088 sescenties
543 2028 581 2086 ab
606 2028 763 2087 Eustathio
788 2027 936 2103 adhibita3
969 2038 999 2088 ot
1021 2030 1111 2107 pauci
1133 2028 1176 2086 illi
1200 2029 1267 2103 loci,
1296 2028 1349 2088 ubi
1372 2028 1479 2105 legun·

359 2131 418 2198 tur,
443 2126 562 2178 exstant
584 2119 615 2176 in
639 2118 758 2177 scholiis
781 2112 955 2200 vulgatisl)

451 2207 542 2266 Porro
565 2204 641 2264 vidit
664 2201 818 2288 Daialas⁰)
844 2206 881 2265 ad
904 2205 1130 2284 significandam
1154 2227 1221 2267 sam
1243 2207 1387 2286 figuram,
1417 2226 1479 2285 qua

360 2297 427 2356 finis
451 2297 557 2376 prioris
589 2296 713 2355 membri
744 2296 866 2355 alterius
897 2297 1014 2356 initium
1047 2298 1096 2368 sit,
1127 2296 1349 2374 Hermogenem
1383 2296 1478 2355 solum

452 2435 551 2504 1)Ιοιιι
573 2451 598 2502 p.
623 2436 658 2487 30
680 2434 773 2488 monui
797 2435 1029 2503 paronomasiam,
1060 2436 1093 2490 de
1117 2451 1171 2503 qua
1201 2435 1234 2490 cf.
1260 2434 1399 2489 Buchhold
1424 2433 1441 2487 l.
1460 2433 1479 2487 l.

361 2524 387 2576 p.
407 2509 443 2560 24
461 2511 490 2560 et
508 2505 668 2574 parochesin
686 2505 744 2561 fere
763 2506 835 2560 idern
855 2523 923 2562 esse.
960 2507 1059 2575 Itaque
1078 2523 1131 2561 non
1150 2506 1198 2560 abs
1220 2523 1251 2560 re
1265 2506 1320 2561 erit
1332 2505 1476 2560 observare

362 2579 395 2630 ds
414 2593 467 2631 usu
485 2576 561 2632 vocis
580 2582 767 2646 παρονομασία
786 2578 815 2631 in
829 2577 939 2632 scholiis
954 2588 982 2632 ot
995 2579 1067 2646 apud
1080 2577 1266 2633 Eustachium.
1299 2577 1407 2630 Scholia
1420 2589 1475 2630 eum

361 2649 465 2703 habent
483 2648 569 2703 octies
588 2649 646 2714 (BT
666 2649 701 2704 ad
720 2651 746 2700 Γ
761 2651 804 2716 39,
824 2650 849 2704 D
868 2650 903 2703 ad
921 2649 948 2700 B
962 2652 1021 2711 121,
1039 2651 1139 2715 13758,
1159 2651 1189 2700 Κ
1204 2651 1265 2715 415,
1285 2648 1308 2701 Τ
1327 2649 1363 2702 ad
1380 2649 1476 2712 Baro,

365 2721 389 2771 Β
407 2723 466 2786 ¹235,
487 2720 521 2781 Ge
542 2721 577 2774 ad
596 2722 615 2772 Ι
631 2724 673 2787 75,
696 2722 727 2771 K
741 2723 815 2785 415).
852 2722 1017 2776 Eustochiae
1036 2722 1122 2776 semel
1140 2723 1199 2775 eius
1217 2720 1385 2775 mentionem
1404 2716 1480 2784 facit,

364 2794 410 2847 uel
427 2791 520 2860 potius
539 2793 651 2856 nullam,
671 2809 735 2846 nam
755 2791 778 2846 si
796 2792 868 2860 legis
887 2793 983 2859 locum,
1003 2798 1047 2846 est
1066 2802 1158 2848 autem
1177 2793 1205 2843 B
1224 2793 1275 2846 758
1295 2794 1383 2859 (33712
1408 2792 1433 2841 ot
1452 2786 1481 2842 δὲ

362 2864 470 2935 ῥήτορες
493 2866 537 2913 καὶ
560 2868 765 2933 παρονομασίαν
783 2861 816 2913 τὸ
839 2865 965 2915 τοιοῦτον
988 2865 1072 2931 σχῆμα
1091 2862 1230 2922 καλοῦσιν,
1255 2863 1290 2918 ὡς
1308 2865 1333 2913 οἱ
1349 2861 1481 2934 Ὁμηρικοὶ

362 2933 513 3000 agol-suomi
530 2953 617 3003 φασιν,
636 2938 817 3004 προφέροντες
834 2938 869 2988 εἰς
888 2935 1033 3001 ὁμοιότητα
1052 2939 1095 2986 καὶ
1112 2933 1145 2985 τὸ
1158 2934 1368 3002 Δημοσθενικόν
1378 2949 1384 2962 ·
1394 2933 1481 3004 πρῶ-

363 3025 422 3058 τον
440 3009 501 3073 μὲν
518 3003 712 3074 Ἀμφίπολιν
730 3003 830 3057 πόλιν
852 3006 1032 3076 ἡμετέραν,
1057 3023 1205 3076 cognosces
1224 3007 1402 3061 Eustachium
1420 3011 1482 3060 tan-

363 3090 422 3132 tum
449 3077 549 3132 afferre
573 3077 705 3131 scholium
728 3077 752 3131 D
772 3078 806 3130 ad
824 3077 851 3128 B
869 3080 934 3134 738:
957 3080 1039 3129 τοῦτο
1062 3077 1095 3129 τὸ
1123 3080 1207 3144 σχῆμα
1230 3081 1416 3149 παρονομασία
1436 3097 1482 3128 αα-

365 3148 458 3198 lemae.
495 3149 598 3202 Locum
611 3149 805 3203 Demosthenis
824 3156 916 3204 autem
935 3149 1039 3204 frustra
1052 3151 1079 3204 iu
1099 3150 1211 3204 scholiis
1224 3151 1344 3206 servatis
1358 3165 1482 3216 quaeres.

454 3218 475 3289 ¹)
495 3219 620 3288 Excepto
639 3236 694 3274 uno
714 3219 815 3274 codicis
827 3219 901 3289 Lips.
921 3222 981 3274 loco
1001 3221 1091 3290 (onius
1111 3221 1190 3275 nulla
1208 3226 1252 3276 est
1264 3221 1429 3287 auctoritas)
1448 3221 1483 3274 ad

365 3291 464 3379 912493
483 3287 578 3377 aonios
590 3289 623 3342 τὸ
635 3293 719 3358 σχῆμα
738 3291 808 3342 κατὰ
826 3292 940 3364 ῥήτορας
953 3313 959 3324 ·
972 3295 1008 3346 εἰς
1025 3297 1114 3358 στίχου
1132 3291 1183 3364 γὰρ
1200 3289 1278 3347 τέλος
1295 3291 1379 3344 πάλιν
1397 3303 1484 3342 κεῖται

364 3382 397 3414 τί)
414 3383 444 3415 νε
483 3383 517 3418 06.

445 3369 481 3502 βθῖ
498 3434 530 3489 of.
554 3434 695 3490 Buchhold
718 3436 736 3489 l.
760 3434 778 3488 l,
805 3435 973 3504 „Postquam
996 3435 1186 3505 Hermogenes
1211 3439 1272 3505 περὶ
1296 3435 1419 3507 εὑρέσεως
1441 3433 1483 3488 IV

364 3506 544 3575 parocheseos
568 3505 625 3560 vim
648 3522 681 3560 ao
706 3506 846 3561 notionem
870 3505 1030 3574 constituit,
1061 3523 1078 3561 a
1103 3505 1302 3574 posterioribus
1325 3505 1483 3560 rhetoribus

364 3577 486 3631 nonnisi
498 3577 526 3631 in
540 3577 742 3632 commentariis
757 3577 792 3631 ad
804 3577 1008 3646 Hermogenem
1021 3594 1081 3633 eam
1094 3577 1212 3647 figuram
1224 3579 1252 3632 in
1266 3578 1483 3647 disputationem

366 3649 512 3703 deductam
522 3665 581 3702 esse
591 3649 731 3717 videnum
745 3654 774 3704 et
786 3649 815 3702 in
826 3649 1029 3704 commentariis
1045 3649 1103 3704 suis
1113 3651 1148 3704 ad
1158 3649 1306 3704 Homerum
1317 3651 1483 3704 Eustathius

364 3736 559 3788 nonnunquam
572 3722 721 3793 παρήχηοις,
733 3733 861 3790 παρηχεῑν
873 3720 1013 3776 vocabulis
1026 3720 1124 3776 utitur.
1154 3721 1208 3775 Sed
1221 3722 1306 3776 etiam
1317 3720 1483 3776 Eustathius

366 3807 400 3846 ex
417 3791 591 3862 Hermogene
609 3793 719 3861 pendet
762 3792 840 3859 Quod
863 3792 917 3846 nisi
936 3794 990 3847 iarn
1009 3793 1111 3847 dudum
1129 3798 1227 3848 notum
1246 3799 1320 3848 esset
1343 3793 1418 3848 inter
1436 3794 1483 3846 ho·

366 3863 453 3918 mines
472 3863 581 3933 doctos,
600 3864 662 3934 ipsa
681 3880 715 3918 ex
734 3879 766 3918 ea
784 3879 815 3919 re
834 3863 905 3918 effici
923 3869 1028 3934 posset,
1048 3865 1120 3931 quod
1138 3863 1303 3919 Eustathius
1327 3864 1361 3918 ad
1380 3864 1483 3931 eadem,

367 3949 438 4002 quae
449 3934 638 4005 Hermogenes
658 3951 693 3990 ex
704 3935 824 3990 Homero
843 3935 976 4003 repetivit
995 3936 1128 4005 exempla,
1148 3957 1170 3987 ω
1182 3939 1243 4003 465,
1263 3937 1288 3986 Ζ
1299 3936 1358 3999 201,
1378 3936 1485 4008 (eadem

368 4007 662 4148 ⁰¹⁰ffiti²01⁰titot
674 4007 1321 4150 {litorelitorettfllghttttht
1333 4007 1483 4134 litto?

455 4167 478 4288 ἓ)
496 4221 530 4275 In
549 4220 657 4275 schedis
679 4220 747 4276 meis
771 4218 837 4274 mihi
860 4221 991 4276 adnotavi
1009 4221 1129 4278 inveniri
1147 4221 1249 4275 dorsum
1271 4221 1328 4290 bis,
1346 4223 1486 4290 γνωμικῶς

366 4297 419 4362 ter,
439 4290 524 4347 δεινός
542 4291 655 4360 septies,
674 4293 788 4364 πάρισον
806 4298 858 4361 ter,
877 4292 1036 4364 προέκθεοις
1054 4295 1148 4350 semel.

457 4365 480 4432 6)
498 4366 516 4418 1.
535 4365 553 4419 1.
572 4380 598 4432 p.
620 4366 660 4419 ro.
