3390 5140
700 376 917 434 ..87-

253 553 333 627 ticia,
366 571 446 633 quae
476 550 564 611 ideae
587 551 784 628 Hermogenis
814 571 867 631 pro
897 550 1091 613 fundamento
1115 560 1170 628 est,
1202 572 1243 613 sc.
1267 562 1302 614 ut
1331 555 1369 615 sit

254 661 379 702 acumen
396 651 426 702 et
442 639 588 700 calliditas
603 641 733 719 ingenii,
758 640 795 701 cf.
812 649 872 721 top.
894 641 977 721 VIII,
997 645 1025 716 1,
1045 640 1145 716 152b,
1172 645 1227 706 31:
1253 638 1369 718 ὁμοίως

253 733 358 794 δὲκαὶ
382 725 450 792 ὅσοι
474 727 592 791 οἴονται
616 731 732 808 δριμεῖς
754 727 831 791 εἶναι
854 727 888 792 ἐν
910 735 957 814 τῷ
980 726 1211 810 ἀποκρίνεσθαι,
1228 733 1312 813 soph.
1331 733 1368 794 el.

253 822 304 898 33,
333 823 431 893 182a,
457 825 497 882 32
521 815 618 901 sqq.²)

342 905 528 987 ὀξύτητος
555 909 693 970 vocabuli
723 909 825 969 varius
856 917 900 970 est
931 929 1014 970 usus.
1069 909 1114 969 Ad
1147 909 1369 990 pronuntianda

251 999 346 1060 verba
358 1008 495 1080 spectant
506 999 573 1072 loci,
588 1000 640 1080 qui
652 1007 722 1059 sunt
734 997 771 1058 de
781 998 966 1059 accentibus:
980 999 1054 1060 rhet.
1064 999 1120 1073 ΙΙΙ,
1137 1003 1165 1074 1,
1181 1001 1296 1082 14031),
1312 1003 1368 1078 293

253 1090 337 1170 soph.
361 1089 398 1150 ol.
424 1093 475 1168 29,
510 1090 609 1163 179a,
645 1093 694 1150 14.
740 1087 773 1148 Si
800 1087 837 1148 de
860 1089 951 1150 animi
974 1088 1167 1149 facultatibus
1197 1099 1368 1172 usurpatur,

253 1189 298 1240 est
320 1180 366 1238 vis
390 1177 538 1260 quaedam
562 1187 591 1238 et
614 1179 786 1259 acrimonia,
820 1198 880 1259 qua
912 1178 1049 1238 celeriter-
1078 1177 1195 1258 aliquid
1217 1181 1369 1261 arripitur,

253 1267 305 1330 sed
329 1288 389 1328 non
413 1277 457 1329 est
481 1269 597 1330 animus
622 1276 769 1340 uersutus,
799 1277 833 1327 ut
856 1266 936 1347 apud
960 1267 1191 1346 Hermogenem,
1221 1269 1269 1330 cui
1292 1269 1370 1330 idem

253 1359 402 1437 significat
426 1367 517 1439 atquo
540 1354 702 1436 δριμύτης,·
732 1357 770 1423 cf.
794 1355 871 1420 rhet.
895 1357 935 1430 ΙΙ,
963 1360 1013 1432 12,
1041 1359 1124 1419 1389
1134 1377 1162 1431 a,
1188 1361 1206 1419 7
1214 1381 1221 1438 ;
1250 1359 1290 1432 Il,
1318 1363 1369 1441 13,

255 1451 376 1522 1391ει,
405 1451 459 1525 11;
484 1447 627 1510 ειΙι.ΝΙο.
644 1446 700 1528 ΙΙΙ,
728 1450 778 1527 10,
806 1450 925 1528 1116ε,
950 1449 984 1526 9;
1008 1446 1063 1521 IV,
1090 1451 1141 1520 11,
1169 1449 1290 1523 1126a,
1314 1452 1363 1525 113

253 1537 322 1612 VII,
348 1543 378 1614 8,
405 1536 528 1612 ticoh,
554 1541 604 1599 25.

342 1622 521 1704 ἀλήθειαν
543 1626 719 1686 Aristoteles
742 1645 863 1706 quoque
887 1625 926 1686 ab
949 1634 1066 1686 oratore
1089 1627 1238 1707 postulat,
1270 1635 1371 1688 tamen

232 1722 313 1778 'non
336 1716 433 1778 audeo
461 1717 543 1776 illam
575 1717 731 1776 veritatem
763 1715 897 1775 conferre
927 1735 994 1775 oum
1024 1713 1094 1774 idea
1117 1716 1368 1794 Hermogeniana.

342 1803 506 1884 βαρύτης
533 1806 685 1866 invenitur
709 1804 927 1883 significatione
950 1804 1097 1865 tralaticia
1122 1803 1233 1885 duplici
1256 1808 1371 1886 potissi·

253 1916 331 1956 mum
355 1915 454 1968 sensu,
479 1895 604 1976 primum
629 1894 666 1955 de
690 1915 778 1970 sono,
802 1914 862 1975 quo
885 1903 1002 1974 spectat
1025 1914 1051 1955 e.
1076 1915 1106 1973 g.
1130 1897 1294 1977 προσῳδία
1316 1899 1372 1970 βα-

253 1997 321 2063 ρεῖα
344 1985 418 2046 rbet.
442 1985 503 2062 ΙΙΙ,
531 1989 563 2057 1,
599 1987 681 2046 1403
707 1983 739 2059 b,
773 1987 814 2045 28
838 1981 914 2058 etc,
947 1992 1010 2043 tum
1038 1982 1075 2043 de
1099 1985 1190 2044 animi
1214 1985 1371 2045 affectibus

253 2075 327 2136 rhet.
353 2075 398 2154 II,
427 2078 481 2151 17,
509 2077 589 2136 1391
611 2095 642 2156 a,
668 2077 737 2156 28,¹
756 2074 808 2133 ubi
838 2073 971 2154 disputat
998 2072 1035 2134 de
1066 2074 1122 2145 eis,
1155 2075 1208 2154 qui
1238 2077 1372 2154 potentia

255 2173 368 2224 ceteros
385 2173 539 2244 superant,
564 2164 617 2244 qui
639 2172 709 2224 sunt
731 2166 781 2224 καὶ
805 2159 985 2241 σεμνότεροι
1008 2158 1027 2241 ἢ
1049 2160 1227 2241 βαρύτεροι,
1252 2166 1372 2224 severi

254 2255 368 2331 magis
393 2273 497 2335 quam
524 2252 687 2335 superbi,
713 2253 749 2315 ci.
775 2253 795 2313 l.
814 2256 870 2314 28:
894 2249 958 2314 ἔστι
982 2253 1015 2314 δὲ
1037 2247 1055 2330 ἡ
1080 2249 1230 2331 σεμνότης
1250 2251 1372 2331 μαλακὴ

254 2346 304 2404 καλ
327 2340 492 2422 εὐσχήμων
514 2340 661 2421 βαρύτης.
707 2341 928 2422 indignationis
948 2351 1048 2403 autem
1072 2343 1117 2403 vis
1144 2345 1210 2403 voci
1232 2345 1310 2403 inest
1340 2345 1372 2403 in

254 2432 383 2494 dictione
406 2434 459 2493 illa
483 2433 619 2494 sollemni
649 2432 772 2511 βαρέως
799 2430 879 2507 ἔχειν
909 2433 1074 2510 graviter
1103 2433 1213 2514 ferre,
1246 2452 1284 2494 ex
1312 2452 1372 2514 qua

253 2533 353 2583 tamen
375 2523 449 2583 nibil
472 2522 664 2583 emolumenti
687 2520 725 2581 ad
749 2541 803 2580 nos
826 2520 983 2582 redundat.

343 2609 515 2690 δεινότης
537 2630 686 2690 nusquam
697 2612 744 2682 ¹ita
759 2620 931 2691 usurpatur,
956 2619 990 2670 ut
1005 2612 1042 2670 sit
1057 2612 1152 2671 virtus
1175 2630 1289 2672 summa
1309 2631 1372 2672 ora·

254 2704 340 2775 toris,
374 2722 434 2782 qua
465 2702 539 2760 alios
568 2720 669 2761 omnes
698 2709 820 2781 superet
843 2709 935 2781 atque
958 2699 1105 2760 obscuret.
1153 2698 1281 2760 Omnino
1304 2722 1372 2763 raro

255 2792 378 2868 legitur,
403 2800 433 2851 et
456 2791 509 2850 ubi
524 2790 645 2867 legitur,
670 2791 714 2849 nil
737 2788 818 2851 aliud
836 2798 882 2850 est
905 2789 963 2849 nisi
986 2789 1112 2849 alieuius
1131 2790 1174 2849 rei
1189 2791 1311 2868 peritia3
1336 2791 1373 2855 of.

253 2881 312 2960 pol.
328 2880 365 2960 V,
394 2883 477 2942 1305
502 2900 529 2959 a,
557 2881 597 2940 12
622 2877 721 2953 δεινός
742 2879 852 2956 λέγειν,
876 2879 931 2958 frg.
952 2882 1006 2941 70:
1031 2872 1079 2940 ότι
1094 2875 1302 2958 Ἐμπεδοκλῆς
1321 2883 1372 2941 καλ

255 2964 356 3042 δεινός
384 2973 453 3048 περὶ
477 2964 534 3047 τὴν
556 2967 684 3050 φράσιν,
714 2971 811 3051 probl.
837 2974 867 3045 4,
893 2973 956 3030 919
982 2969 1015 3044 b,
1049 2969 1105 3029 37:
1137 2963 1236 3041 δεινός
1266 2965 1373 3048 ῥήτωρ

253 3053 271 3137 ἢ
289 3055 460 3138 στρατηγός
476 3055 494 3138 ἢ
509 3056 724 3138 χρηματιστής,
749 3079 849 3140 neque
865 3057 979 3139 aliquid
997 3068 1099 3118 eontra
1120 3060 1268 3119 evincitur
1290 3059 1371 3138 frag·

253 3159 352 3209 mento
379 3154 440 3211 130
473 3169 511 3209 ex
538 3147 566 3208 Τ
589 3147 627 3208 ad
658 3156 694 3212 Π
714 3155 791 3212 283:
825 3145 1008 3210 δεινότατον
1038 3148 1103 3209 τῶν
1133 3145 1218 3210 ἐπῶν
1240 3143 1372 3228 Όμηρον

254 3237 349 3300 τοῦτό
372 3253 464 3317 φησιν
486 3234 701 3320 Ἀριστοτέλης,
726 3239 779 3300 ubi
802 3247 847 3299 est
870 3239 977 3299 efficax
1000 3247 1030 3300 ot
1051 3258 1153 3299 omnes
1176 3257 1309 3303 movens.

342 3328 516 3390 ἐπιείκεια
540 3332 668 3389 occurrit
691 3331 765 3391 rhet.
788 3328 813 3403 Ι,
835 3332 884 3404 12,
911 3331 995 3390 1373
1017 3348 1045 3402 a,
1073 3331 1128 3389 18:
1149 3330 1201 3388 καὶ
1223 3323 1302 3406 πρὸς
1317 3321 1373 3401 ούς

253 3417 338 3480 ἐστιν
360 3417 517 3492 ἐπιεικείας
532 3431 648 3494 τυχεῖν,
673 3439 691 3478 a
715 3419 848 3500 quibus
872 3417 1138 3497 indulgentiam
1164 3427 1370 3497 exspectes,

255 3507 334 3589 quod
359 3510 479 3569 minime
509 3507 669 3590 respondet
691 3508 890 3589 Hermogeni,
923 3509 972 3568 oui
999 3506 1137 3568 ἐπιείκεια
1160 3517 1206 3566 est
1229 3506 1373 3568 modestia

255 3597 416 3678 quaedam,
449 3619 539 3679 quam
567 3601 631 3676 ipse
660 3599 754 3659 fretus
778 3600 856 3659 iusta
879 3617 969 3658 causa
992 3617 1065 3677 prae
1089 3606 1119 3656 te
1142 3596 1230 3660 feras.
1277 3597 1372 3658 Multo

254 3689 350 3765 magis
373 3696 472 3748 autem
496 3686 586 3749 distat
609 3691 864 3769 poet.15,1454
887 3687 916 3762 b,
941 3689 996 3748 13:
1021 3676 1106 3746 σύτο)
1130 3687 1181 3746 καλ
1204 3680 1262 3748 τόν
1284 3707 1371 3764 ποιη-

255 3774 311 3855 ripn
333 3774 527 3851 μιμούμενον
550 3781 600 3839 καὶ
624 3773 768 3856 ὀργίλους
790 3780 841 3839 καὶ
868 3773 1032 3857 ῥᾳθύμους
1054 3778 1106 3836 καὶ
1128 3769 1227 3838 τᾶλλα
1251 3771 1288 3838 τό
1311 3797 1372 3838 τοι-

255 3867 333 3928 αῦτα
357 3865 487 3944 ἔχοντας
508 3866 558 3929 ἐπὶ
581 3873 646 3930 τῶν
668 3862 759 3945 ἠθῶν
781 3865 946 3939 τοιούτους
973 3859 1066 3940 ὄντας
1095 3863 1233 3939 ἐπιεικεῖς
1261 3877 1370 3940 ποιεῖν,

254 3957 307 4018 ubi
329 3957 403 4018 mihi
424 3977 486 4018 vox
509 3956 572 4018 iere
595 3957 672 4018 idem
695 3977 761 4018 esse
783 3957 903 4018 videtur
926 3969 1017 4036 atque
1040 3954 1289 4018 idealisieren.

344 4046 461 4123 Quibus
484 4046 628 4108 absolutis
651 4045 689 4107 ad
713 4047 826 4108 scholia
853 4044 1018 4109 redeamus.
1065 4044 1138 4106 Oum
1171 4054 1271 4105 autem
1299 4046 1371 4106 satis

292 4327 313 4383 t·
346 4257 366 4327 ¹)
385 4256 511 4384 Lodngum
530 4261 575 4314 est
592 4257 681 4311 locum
701 4255 865 4326 exscribere,
885 4257 912 4310 in
931 4271 983 4325 quo
1003 4253 1129 4328 δριμύτης
1147 4254 1257 4324 saepias
1276 4254 1371 4318 eadem

255 4344 290 4382 no
305 4343 367 4383 rone
386 4343 416 4385 re
435 4345 466 4385 1.
