3390 5140
656 427 872 487 -75-

207 604 261 668 ἐπ’
287 602 378 684 ύγνη
401 604 592 684 γηράσκει,
616 606 736 682 μήλου
759 600 787 665 δ
804 604 863 666 ἐπὶ
885 603 1001 687 μήλῳ,
1026 603 1144 682 αὐτάρ
1165 604 1221 666 ἐπὶ
1241 620 1321 666 στα-

207 701 304 773 φυλή
327 691 510 772 σταφυλή,
535 696 652 756 σύκου
676 692 703 756 δ’
728 693 778 756 ἐπὶ
802 693 887 775 σύκῳ
912 692 1048 776 (η129);
1077 694 1155 754 idem
1178 695 1248 758 Joh.
1264 695 1321 760 Sic.

208 787 260 861 VI,
287 789 351 848 386
376 785 423 846 W.
448 795 478 844 et
500 787 623 846 Maxim.
648 783 775 847 Planud.
800 785 838 864 V,
871 787 934 846 530
959 785 1017 857 W..
1047 786 1100 864 qui
1126 781 1323 861 εδδίῖέγγύς

207 874 270 936 ἐστι
292 871 492 952 γλυκύτητος.
538 875 673 935 Pertinet
695 883 794 934 autom
818 872 856 932 ad
879 875 1120 958 simplicitatem.

296 963 367 1025 Joh.
385 964 443 1028 Sic.
459 964 513 1036 VI,
531 967 593 1028 385
611 963 658 1024 W.
683 962 721 1023 ad
736 964 878 1040 Hermog.
894 963 934 1038 H,
957 966 1030 1042 351,
1056 967 1096 1024 27
1113 963 1177 1044 sp.
1200 962 1233 1024 ἐν
1256 976 1322 1037 τοῖς

209 1051 434 1132 ἐπιχειρήμασιν
451 1048 512 1114 ἀπὸ
528 1059 595 1114 τῶν
611 1047 738 1128 άλύγων
750 1050 842 1136 ζῴων
854 1053 883 1114 οἱ
898 1055 1023 1130 ποιηταὶ
1039 1047 1077 1111 τά
1091 1054 1322 1130 παραδείγματα

209 1140 383 1219 εἰσάγουσιν
398 1141 431 1218 ἐξ
446 1139 525 1216 ἐνὸς,
543 1140 624 1205 οἷόν·
641 1134 690 1216 ὥς
705 1163 742 1203 τε
757 1143 852 1202 λε’ων
868 1137 981 1220 ἐχάρη
1004 1139 1150 1224 μεγάλῳ
1174 1140 1231 1204 ἐπὶ
1254 1139 1322 1202 σιά-

209 1254 293 1306 ματι
309 1230 446 1310 κύρσας
462 1231 505 1313 (Γ
515 1232 571 1314 23)
587 1235 638 1294 καὶ
654 1228 702 1306 ως
725 1227 755 1292 δ’
782 1222 834 1293 ὅτ’
861 1227 948 1304 ὄνος
962 1225 1048 1309 παρ’
1068 1225 1234 1314 άρουραν
1258 1227 1323 1294 ἐών

210 1318 381 1402 ἐβιήσατο
402 1323 537 1395 παῖδας
560 1319 600 1407 (Λ
614 1321 701 1402 558).
726 1350 768 1372 =
791 1321 913 1383 Maxim.
938 1319 1064 1384 Planud.
1089 1323 1124 1402 V,
1148 1323 1211 1382 530
1229 1321 1277 1383 W.

300 1414 472 1492 Doxopater
494 1414 526 1472 in
549 1411 702 1491 Aphthon.
720 1411 760 1485 ΙΙ,
787 1414 849 1472 526
868 1411 924 1470 W.:
949 1406 1089 1486 ἀφελείας
1111 1406 1170 1488 γάρ
1186 1413 1236 1472 καλ
1251 1416 1323 1486 γλυ-

210 1499 343 1579 κύτητος
364 1507 472 1574 τοῦτο,
496 1498 533 1562 τὸ
555 1496 598 1579 μή
619 1500 879 1578 προηγησαμένου
895 1500 952 1560 τού
966 1502 1023 1574 μὲν
1038 1499 1204 1577 ἐπαγαγεῖν
1225 1497 1264 1561 τὸ
1279 1500 1323 1572 δέ,

211 1585 315 1669 ὥσπερ
346 1589 446 1651 ἐκεῖνο
475 1587 665 1668 δεινότητος,
698 1586 734 1650 τὸ
765 1589 993 1667 προτιθεμένου
1024 1591 1081 1651 τού
1110 1592 1167 1663 μέν
1196 1585 1238 1666 μή
1261 1587 1324 1650 ἐπι·

212 1680 316 1758 φέρειν
338 1673 376 1740 τὸ
401 1681 442 1751 δέ,
475 1669 551 1757 άπερ
583 1683 632 1740 καὶ
655 1677 740 1758 παρά
763 1692 831 1753 τοῖς
854 1691 1005 1756 τεχνικοῖς
1028 1675 1185 1752 άπύλυτος
1207 1679 1324 1755 λέγεται

209 1767 559 1848 μερισμός.ε’χρήσαντο
591 1770 624 1829 δέ
647 1767 751 1850 τούτῳ
782 1771 833 1828 καὶ
863 1773 929 1828 τῶν
958 1764 1100 1846 θύραθεν
1122 1770 1179 1840 μὲν
1201 1771 1322 1842 πολλοί,

212 1855 296 1919 καθά
319 1861 369 1917 καὶ
386 1853 403 1917 δ
420 1870 593 1934 κορυφαῖος
615 1863 679 1918 τῶν
695 1859 835 1934 ποιητῶν
844 1852 996 1934 Ὅμηρος·
1014 1853 1058 1930 ὠς
1077 1852 1130 1917 τὸ·
1148 1857 1325 1918 Βοιωτῶν

210 1949 275 2022 μὲν
298 1945 491 2023 Πηνέλεως
513 1949 572 2006 καὶ
594 1944 728 2024 Λήιτος
748 1941 874 2024 ήρχον.
899 1947 1037 2028 (Β494).

299 2035 424 2115 Joseph.
448 2035 612 2115 Racendyt.
637 2037 693 2112 III,
725 2039 799 2112 509,
830 2036 880 2097 W.
912 2039 1008 2097 υ339
1041 2036 1133 2097 habet
1163 2056 1217 2116 pro
1247 2037 1325 2095 iure·

210 2123 336 2184 iurando
358 2121 546 2208 pathetico.¹)

302 2211 453 2385 P;aBUdes
475 2215 513 2290 V,
547 2219 609 2276 559
634 2213 695 2275 W.:
719 2205 831 2292 ὅρκος·
855 2218 914 2276 ναὶ
943 2211 991 2288 μά
1021 2213 1106 2276 τάδε
1137 2219 1327 2294 σκήπτρου

299 2392 424 2472 Joseph.
456 2391 639 2474 Rhacendyt.
664 2393 721 2467 111,
755 2399 818 2455 534
850 2395 908 2457 W.:
934 2391 1088 2472 γλυκύτης
1119 2395 1152 2456 δέ
1182 2393 1263 2454 ἐστιν
1294 2387 1332 2454 τύ

213 2493 279 2553 τοῖς
302 2478 438 2558 ἀψύχοις
460 2477 499 2542 τά
523 2483 587 2543 τῶν
610 2479 764 2559 ἐμψύχων
779 2482 967 2562 προσάπτειν
982 2489 1032 2544 καὶ
1053 2481 1090 2545 τά
1106 2485 1172 2545 των
1196 2489 1333 2562 λογικῶν

212 2583 277 2643 τοῖς
293 2568 427 2648 ἀλόγοις,
450 2565 562 2632 ὁποῖον
579 2570 615 2632 τό
638 2573 759 2647 μήνιν,
777 2568 795 2650 ή
810 2578 922 2650 μυριά
946 2587 1027 2646 τοῖς
1049 2569 1208 2650 Ἀχαιοῖς
1231 2567 1330 2650 ἄλγε’

212 2657 321 2737 ἐθηκε
351 2663 409 2720 καὶ
439 2655 603 2733 πολλούς
629 2655 717 2720 Ἄιδι
747 2666 933 2738 προίαψεν
962 2660 1003 2746 (Α
1016 2664 1064 2739 2)·
1087 2659 1243 2738 ἐμψύχων
1273 2657 1333 2740 γάρ

212 2746 250 2810 τὸ
280 2755 404 2828 ποιήσαι
443 2748 513 2810 τάδε
550 2752 602 2810 καὶ
630 2750 814 2826 προπέμψαι
845 2754 885 2824 εἰς
911 2746 1015 2828 (Ἅιδην
1045 2755 1094 2811 καὶ
1125 2749 1162 2812 τὸ
1193 2755 1335 2812 νοῦσον

214 2829 334 2918 ὦρσεν
350 2834 420 2899 άνά
436 2835 614 2918 στρατὸν·
630 2837 668 2900 ού
684 2837 744 2917 γάρ
760 2839 903 2919 ἐγείρεται
919 2836 1043 2918 ήνύσος
1055 2835 1135 2902 άλλά
1146 2837 1185 2900 τά
1197 2838 1332 2916 ἔμψυχα.

305 2928 421 3007 Syrian.
444 2929 468 3008 1,
504 2931 554 3001 77,
588 2931 666 2992 21³.
698 2930 736 2987 ad
766 2929 910 3006 Hermog.
933 2931 972 3004 II,
999 2935 1072 3013 358,
1107 2931 1146 2989 13
1171 2931 1233 3010 Sp.:
1264 2925 1335 2990 οἷον

214 3013 303 3096 ήνίκα
336 3012 392 3078 τὸν
414 3013 561 3096 Πριάμου
591 3021 641 3078 καλ
665 3016 826 3080 Μενελάου
859 3017 948 3080 οἶκον
985 3016 1134 3097 ἐκφράζοι
1159 3010 1333 3096 ίὈμηροςή

214 3104 271 3169 τὸν
291 3101 450 3168 Ἀλκινόου
473 3113 574 3185 κήπου
598 3099 615 3186 ή
639 3103 693 3181 τάς
715 3107 748 3169 ἐν
770 3111 863 3188 Τροίᾳ
885 3103 985 3186 πηγάς
1000 3113 1121 3188 θερμοῦ
1140 3111 1192 3170 καὶ
1207 3108 1336 3187 ψυχροῦ

214 3187 338 3271 ύδατος.
364 3226 406 3248 --
433 3199 554 3258 Maxim.
579 3197 706 3260 Planud.
733 3197 770 3278 V,
796 3203 859 3258 534
883 3198 931 3259 W.

304 3287 418 3366 Syrian.
442 3287 468 3358 Ι,
503 3289 553 3360 14,
583 3290 624 3348 22
649 3287 687 3348 Β.
711 3286 749 3345 ad
778 3287 920 3366 Hermog.
945 3287 985 3360 ΙΙ,
1019 3293 1092 3362 269,
1127 3293 1166 3349 19
1192 3287 1253 3364 Sp.:
1285 3289 1336 3347 καὶ

217 3365 286 3436 ύσαι
303 3371 340 3436 τά
355 3387 422 3448 ταῖς
437 3375 613 3456 αἰσθήσεσιν
633 3371 706 3454 ήδέα
722 3372 937 3452 ἐκφράζουσιν,
960 3371 1041 3452 ὄψει,
1066 3372 1154 3454 ἀκοή,
1179 3372 1334 3454 ὀσφρήσει,

217 3459 324 3540 γεύσει,
342 3459 414 3542 άφή,
437 3457 623 3544 ιδςὍμηρος
638 3479 737 3527 τοῖσι
753 3463 785 3526 δ’
804 3462 876 3526 ύπὸ
896 3461 1003 3542 χθών
1019 3468 1080 3526 δῖα
1097 3461 1187 3542 φύεν
1203 3469 1336 3542 νεοθη-

217 3552 280 3614 λέα
297 3556 409 3630 ποίην
432 3553 555 3616 λωτόν
574 3549 610 3614 θ’
629 3552 807 3633 ἑρσήεντα
831 3556 885 3616 7δέ
901 3552 1041 3632 κρόκον
1065 3550 1120 3634 ήδ’
1139 3551 1334 3615 ὑάκινθον.

306 3731 424 3809 Syrian.
448 3731 473 3806 Ι,
502 3737 550 3806 16,
577 3738 618 3795 24
641 3735 677 3796 R.
695 3732 734 3794 ad
756 3733 898 3812 Hermog.
914 3735 954 3809 11,
980 3739 1055 3810 269,
1081 3735 1122 3794 24
1146 3731 1209 3814 Sp.:
1234 3735 1338 3812 διηρη-

218 3819 293 3898 μὲνη
316 3821 374 3893 μὲν
397 3815 441 3894 ὣς
473 3817 508 3882 ιδ
540 3819 632 3884 κατὰ
655 3818 739 3902 μῆρ’
765 3821 851 3901 ἐκάη
873 3821 982 3898 ,κατὰ
1010 3829 1148 3902 ταῦρον
1182 3819 1336 3902 ἐδηδώς,

220 3909 280 3972 διά
311 3931 345 3970 τε
369 3906 558 3986 σκάλοπας
580 3916 638 3973 καὶ
667 3909 813 3991 τάφρον
836 3911 984 3991 ἔβησαν,
1018 3919 1147 3974 πλατεῖα
1178 3914 1211 3973 δέ
1234 3907 1278 3986 ὠς
1301 3907 1338 3973 τὸ

219 3997 374 4076 βούωσι,
400 3997 624 4078 Πηληϊάδεω.

310 4089 428 4170 Syrian.
452 4091 477 4164 1,
511 4095 563 4164 82,
597 4095 636 4152 12
661 4093 698 4154 R.
730 4091 769 4151 ad
791 4091 934 4170 Hermog.
962 4095 1036 4168 379,
1070 4091 1164 4174 ύθρ.
1189 4090 1227 4150 εδ
1258 4091 1338 4159 veri·

221 4230 434 4241 nn—

312 4300 482 4370 1)Ει11611111.
506 4317 532 4369 p.
553 4301 634 4358 1894:
669 4302 819 4370 Τηλέμαχος
842 4301 924 4374 ὅρκον
946 4302 1121 4370 ποιησάμενοι
1149 4301 1251 4368 ήθιιιιῖιε
1275 4301 1338 4373 (non

223 4370 380 4438 παθητικῶς
398 4378 433 4428 ut
451 4371 605 4444 7090911119).
