3390 5140
698 473 939 531 —111-

261 673 334 735 pare
355 657 428 714 Ill
447 648 551 736 (733).
598 649 672 712 Oum
696 657 796 708 autem
819 665 849 709 et
869 644 1050 727 θεραπεύειν
1074 634 1113 709 αι’
1127 647 1375 729 προθεραπεύειν

262 741 342 802 haud
364 761 432 802 raro
456 750 613 800 occurrant
640 741 672 798 in
702 738 821 799 scholiis
844 759 954 798 novum
978 749 1185 812 argumentum
1208 741 1376 800 invenimus

260 832 313 891 illo
334 833 427 892 stoica
451 829 585 891 doctrina
600 829 714 889 imbuta
737 848 810 891 esse.
856 829 1003 908 Exempla
1026 848 1146 909 appono
1169 827 1228 888 duo
1253 828 1290 888 de
1306 827 1374 890 Cal·

261 922 376 982 chantis
407 921 540 980 oratione
570 920 655 978 initio
686 918 754 977 libri
785 919 886 996 primi,
924 937 985 997 qua
1015 917 1170 998 patefacit,
1204 919 1375 998 Apollinem

261 1011 480 1088 Agamemnoni
502 1009 598 1070 irasci.
644 1012 738 1069 A80:
762 1003 989 1084 προάεραπεάει
1012 1002 1030 1066 ὃ
1055 1005 1180 1082 Κάλχας
1210 1003 1268 1068 τὸν
1290 1011 1374 1081 βασι-

260 1097 323 1173 λέα,
355 1100 478 1173 μέλλων
509 1092 608 1158 αὐτὸν
639 1096 740 1157 αἴτιον
770 1096 869 1171 λέγειν
892 1097 945 1172 τῆς
967 1102 1136 1172 συμφορᾶς.
1174 1097 1232 1180 G,.
1279 1099 1374 1158 1193:

260 1186 487 1268 προθεραπεάει
511 1189 544 1248 δὲ
567 1182 603 1247 τὸ
626 1186 748 1263 πλῆθος
778 1188 818 1257 εἰς
840 1179 966 1247 εὔνοιαν
988 1184 1178 1260 ἐπαγόμενος
1201 1183 1244 1258 og
1266 1190 1376 1259 θυσίας

261 1275 320 1339 οὐκ
335 1276 473 1357 ὀφεῖλον.
498 1276 578 1360 BG,.
627 1276 695 1334 Alia
711 1276 854 1352 leguntur
869 1275 907 1340 ad
923 1278 1006 1351 749,
1032 1277 1115 1350 yso,
1140 1277 1157 1352 ζ
1172 1278 1243 1353 180,
1268 1297 1287 1352 η
1303 1280 1374 1349 155,

261 1373 351 1449 A90,
375 1372 400 1428 Α
416 1373 486 1441 145,
504 1369 651 1449 A3oe,1
664 1367 715 1436 38,
733 1369 752 1424 I
763 1367 835 1438 236,
853 1369 889 1424 N
897 1369 969 1443 117,
991 1368 1025 1424 Ν
1035 1366 1107 1438 745,
1124 1371 1154 1424 Σ
1166 1360 1286 1440 364,Ω
1300 1368 1373 1428 667.

349 1458 457 1538 Neque
481 1455 589 1515 desunt
612 1454 672 1514 alia
695 1454 832 1529 exempla
853 1453 934 1512 illius
958 1455 1121 1513 conaminis
1135 1453 1282 1514 vocabula
1305 1455 1376 1514 artis

260 1547 397 1607 medendi
427 1546 593 1606 rhetoricae
625 1541 848 1616 accomodandi3
881 1543 918 1605 cf.
943 1562 970 1602 e.
991 1562 1020 1616 g.
1068 1547 1141 1603 Al:
1172 1537 1288 1622 ἤρξατο
1319 1544 1375 1616 μὲν

262 1631 323 1697 άπὸ
346 1633 475 1714 μήνιδος
497 1631 656 1711 ἐπειδήπερ
674 1627 751 1711 αὕτη
773 1643 841 1704 τοῖς
855 1643 1037 1710 πρακτικοῖς
1056 1627 1205 1704 ὑπόθεσις
1226 1632 1373 1709 γε’γονεν.

261 1721 364 1800 άλλως
387 1746 419 1785 τε
442 1727 491 1784 καί
514 1718 722 1806 τραγῳδίαςῑ)
752 1720 855 1796 ἐξεάρε
878 1725 1059 1800 προοίμιον·
1083 1724 1133 1781 καὶ
1161 1719 1221 1797 γάρ
1243 1738 1374 1798 προσεκ-

260 1811 366 1886 τικοὺς
400 1809 478 1891 ημᾶς
508 1808 526 1890 ἡ
557 1813 623 1873 τῶν
654 1807 864 1888 ἀτυχημάτων
895 1808 1030 1889 διήγησις
1059 1807 1217 1889 ἐργάζεται
1252 1813 1303 1872 καί
1333 1807 1377 1884 ώς

261 1899 384 1982 άριστος
406 1896 510 1980 ίατρὸς
533 1902 664 1979 πρῶτον
688 1898 899 1983 decressent)
924 1895 963 1960 τά
983 1895 1174 1979 νοσηματαῧ)
1198 1900 1250 1976 τῆς
1273 1906 1376 1979 ψυχῆς

259 1985 394 2071 ὕστερον
416 1987 472 2070 τὴν
495 1991 576 2052 ίασιν
598 1986 740 2070 ἐπάγειί)

349 2081 408 2142 Sed
432 2084 490 2141 iam
515 2081 602 2141 finem
625 2081 733 2141 faciam
756 2079 960 2160 disputationi,
985 2098 1166 2159 quamquem
1190 2079 1299 2154 optime
1314 2081 1375 2139 scio

260 2191 307 2231 me
337 2170 432 2231 multa
462 2169 577 2234 intacta
603 2169 766 2250 reliquisse.
813 2170 848 2231 Ε.
865 2189 895 2246 g.
921 2169 1006 2228 stoici
1030 2170 1116 2249 primi
1139 2167 1280 2228 videntur
1310 2189 1375 2249 per·

260 2261 402 2341 polivisse
425 2258 589 2320 doctrinam
614 2257 650 2318 de
673 2259 863 2333 soloecismis,
889 2256 926 2318 de
949 2259 1058 2338 quibus
1074 2259 1132 2317 iam
1149 2257 1375 2338 Theophrastus

260 2346 455 2430 scripserat)
501 2351 547 2408 De
571 2348 680 2430 quibus
703 2369 749 2408 me
777 2357 912 2407 acturum
935 2367 1002 2407 esse
1026 2367 1060 2408 eo
1083 2348 1179 2425 magis
1203 2357 1376 2426 exspectare

259 2449 388 2520 poteras,
413 2460 480 2499 cum
495 2440 526 2498 in
538 2440 611 2519 ipsis
634 2439 754 2499 scholiis
770 2437 969 2498 testimonium
985 2447 1092 2512 exstet,
1118 2437 1266 2518 quomodo
1281 2435 1375 2517 Chry-

259 2531 363 2609 sippus
382 2529 439 2588 hac
453 2531 485 2588 in
500 2529 655 2608 provincia
670 2538 806 2588 versatus
822 2539 852 2585 et
867 2527 1029 2586 Homerum
1046 2528 1235 2606 interpretari
1252 2539 1375 2586 conatus

258 2620 304 2678 sit.
340 2617 388 2678 Ad
401 2622 427 2679 Α
441 2620 502 2679 129
520 2619 597 2677 enim
615 2618 756 2693 legimus:
775 2613 894 2689 Ζώιλος
909 2616 942 2676 δὲ
958 2612 976 2676 ὃ
992 2613 1211 2693 Ἀμφιπολίτης
1226 2619 1276 2676 καί
1292 2613 1375 2695 Χρύ-

260 2722 372 2779 σαιπος
399 2703 417 2768 ὃ
440 2702 583 2779 Στωικὸς
611 2708 790 2783 σολοικίζειν
818 2705 938 2765 οἴονται
952 2737 954 2741 ν
970 2700 1027 2766 τὸν
1057 2699 1188 2783 ποιητὴν
1219 2699 1286 2765 ἀντὶ
1316 2704 1374 2767 ενι·

259 2796 319 2856 κοῦ
342 2795 544 2877 πληθυντικῷ
566 2791 763 2874 χρησάμενον
793 2792 921 2873 ῥήματι·
952 2790 990 2855 τὸ
1020 2790 1079 2872 γάρ
1108 2797 1184 2877 δῷσι
1205 2799 1374 2872 πληθυντι-

258 2881 326 2946 κάν.
374 2883 461 2961 Quod
485 2885 654 2965 exemplum
677 2896 750 2965 puto
774 2887 845 2944 satis
868 2887 934 2958 erit,
961 2894 995 2944 ut
1018 2905 1077 2942 non
1100 2886 1186 2942 nimis
1209 2883 1389 2959 doleamus·

259 2973 415 3054 deperdita
438 2995 512 3050 esse,
543 2994 621 3055 quae
643 2974 695 3034 ille
718 2976 898 3053 praestiterit
920 2975 952 3033 in
974 2975 1218 3053 interpretatione
1241 2973 1372 3038 Homeri.

259 3064 379 3144 Duplici
402 3075 502 3124 autem
525 3083 563 3124 ex
586 3083 676 3124 causa
699 3063 878 3144 supersedeo
909 3062 987 3123 hanc
1010 3064 1213 3143 quaestionem
1237 3073 1372 3126 tractare.

257 3153 336 3213 Nam
360 3165 390 3212 ct
412 3155 508 3232 magis
530 3155 661 3234 pertinet
691 3153 730 3212 ad
760 3154 983 3231 grammaticam
1015 3173 1104 3233 quam
1136 3152 1173 3212 ad
1197 3153 1373 3214 rhetoricam

259 3254 351 3302 artem
375 3254 406 3303 et
433 3245 496 3322 egit
524 3264 619 3320 nuper
649 3245 867 3302 accuratissime
899 3242 936 3302 de
958 3243 1136 3303 soloecismis
1159 3240 1372 3323 Schepssius.⁰)

347 3333 447 3393 Unum
465 3354 551 3414 ⁸p0r0
568 3333 753 3412 apparuisse,
771 3339 928 3417 ηααηίαια
944 3330 1064 3399 scholio
1080 3333 1250 3399 Homerica
1265 3334 1373 3398 stoicis

258 3421 396 3488 debeant.
442 3424 512 3482 Alia
535 3434 635 3482 autem
659 3442 813 3502 quaerere,
845 3443 923 3502 quae
953 3423 1044 3502 paulo
1074 3437 1144 3482 sunt
1166 3421 1371 3496 reconditiora,

259 3511 369 3591 quibus
392 3511 468 3572 idem
494 3515 658 3592 evincatur,
683 3513 926 3590 etinvestigare,
956 3531 1035 3592 quae
1058 3512 1123 3572 aliis
1147 3532 1186 3571 ex
1209 3510 1372 3591 disciplinis

257 3602 391 3680 profecta
421 3603 453 3661 in
481 3603 656 3662 scholiorum
681 3613 764 3662 vasta
792 3603 870 3662 mole
896 3602 1019 3676 lateant,
1050 3603 1109 3660 iam
1141 3600 1310 3660 differamus
1333 3599 1371 3660 ad

257 3701 391 3771 tempora
412 3692 584 3771 posteriora.

347 3866 369 3935 ¹)
387 3861 542 3936 τραγῳδίαις
559 3865 591 3920 Δ.
628 3862 794 3937 τραγῳδικόν
811 3865 847 3920 Μ.

346 3935 369 4006 ⁹)
389 3937 492 4006 Scripsi
517 3953 566 4006 pro
591 3934 776 4006 ἀναστέλλων,
801 3936 873 4005 quod
892 3945 935 3994 est
952 3937 982 3992 in
1000 3939 1082 4006 codd;
1102 3939 1167 4005 qnid
1186 3939 1259 3994 enim
1271 3945 1316 3996 est
1328 3955 1370 3994 re-

256 4007 397 4114 primeps?
425 4009 507 4095 immo
526 4009 640 4134 ilpcieus,
660 4017 693 4065 ut
710 4009 843 4076 oriantur,
863 4010 996 4066 medelam
1014 4010 1103 4066 affert.

386 4101 403 4132 ν
474 4098 508 4131 τα
556 4124 562 4136 .

345 4081 367 4295 ll
386 4101 584 4292 dlllzlllla

345 4295 366 4370 ⁶)
385 4298 426 4354 De
446 4296 616 4364 soloecismo,
637 4297 711 4352 1875.

598 4444 1022 4493 ——4ssffin-d
