3390 5140
777 451 1016 510 ..to-2-

340 628 517 708 Ἰσοκράτης
524 629 548 710 1)
565 627 708 706 ἐζήλωσε,
715 625 740 707 ⁹)
762 627 991 702 ἀπολελυμένος
1006 629 1171 702 Μενέλαος,
1189 633 1319 703 Λυσίας·
1337 623 1456 702 πυκνὸς

339 715 506 794 Ὀδυσσεύς,
543 719 756 797 Δημοσθένης·
787 716 921 792 πιθανὸς
951 719 1098 795 Νέστωρ,
1134 715 1316 797 Ἰσοκράτης.
1378 719 1455 778 Nam

339 803 446 870 iterum
471 811 639 869 invenimus
657 808 820 868 doctrinam
837 811 1060 888 peripateticam
1082 811 1125 868 ita
1144 830 1163 867 a
1186 811 1285 868 stoicis
1305 819 1455 887 receptam

340 909 432 980 atque
455 901 651 979 immutatam,
675 911 706 956 ut
730 898 835 958 heroes
858 898 1006 957 Homerici
1030 900 1115 978 quasi
1132 899 1269 978 exempla
1285 899 1352 976 sint,
1377 917 1455 978 quae

341 989 480 1069 discipuli
504 990 656 1048 imitentur
679 987 716 1046 ad
741 987 958 1066 impetrandam
982 988 1154 1047 facultatem
1171 1009 1261 1047 verae
1281 999 1373 1067 atque
1396 988 1455 1047 ele·

340 1080 440 1157 gantis
472 1078 670 1158 eloquentiae.
722 1077 764 1138 Ut
794 1078 873 1136 enim
906 1077 1081 1138 Aristoteles
1113 1079 1225 1156 primus
1255 1079 1313 1136 tria
1343 1097 1456 1154 genera

340 1187 509 1228 sermonum
532 1167 673 1240 secrevit,
704 1168 748 1225 ita
775 1166 838 1225 eius
870 1164 1033 1246 discipulus
1063 1176 1154 1246 atque
1181 1187 1334 1227 successor
1356 1167 1455 1226 Theo·

341 1257 480 1338 phrastus
504 1267 644 1316 accurate
666 1257 733 1322 tria
755 1256 943 1322 elocutionis
955 1277 1075 1341 perrara
1091 1255 1225 1314 distinxit
1246 1277 1324 1336 quae
1340 1276 1456 1333 χαρακ-

340 1352 431 1425 τῆρες
453 1341 643 1426 vocantur.¹)
684 1345 758 1404 Eum
776 1347 903 1424 primum
925 1345 1002 1406 hanc
1022 1346 1209 1424 partitionem
1233 1346 1396 1406 instituisse
1411 1354 1458 1404 sat

340 1436 499 1516 probabile
522 1455 557 1494 so
581 1435 627 1508 fit,
641 1433 732 1513 ,quod
758 1434 910 1494 Aristoteli
934 1455 970 1494 ea
992 1435 1125 1496 nondum
1148 1445 1218 1494 nota
1240 1434 1310 1509 luit,
1344 1436 1409 1516 qui,
1432 1435 1458 1494 si

341 1545 406 1586 eam
430 1527 571 1600 novisset,
597 1533 678 1583 certe
701 1544 766 1584 eam
782 1525 938 1603 amplexus
955 1535 1043 1598 esset,
1069 1526 1140 1604 quia
1155 1523 1184 1582 id
1201 1524 1315 1604 ubique
1330 1527 1457 1584 maxime

341 1617 419 1692 egit,
451 1624 485 1673 ut
514 1612 573 1672 duo
595 1622 720 1693 poneret
743 1615 959 1693 repugnantia,
991 1615 1101 1694 quibus
1124 1612 1253 1673 medium
1277 1613 1392 1693 aliquid
1415 1615 1457 1672 in-

340 1713 462 1767 sereret.
519 1703 759 1783 Theophrastum
791 1713 891 1763 autem
923 1703 1179 1782 Thrasymachum
1214 1724 1268 1784 pro
1303 1705 1459 1764 inventore

343 1795 463 1872 generis
486 1791 575 1852 medii
604 1792 745 1852 habuisse
775 1793 866 1852 refert
896 1795 930 1855 D.
952 1794 993 1856 H.
1022 1793 1059 1852 de
1082 1792 1159 1854 adm.
1183 1795 1214 1852 vi
1239 1793 1294 1854 dic.
1319 1794 1350 1851 in
1374 1793 1458 1855 Dem.

342 1887 377 1957 3,
410 1904 439 1963 p.
464 1887 527 1944 958
552 1881 587 1942 R.
612 1881 751 1956 Accedit,
784 1881 865 1962 quod
895 1881 974 1942 idem
997 1883 1160 1963 Dionysius
1191 1881 1228 1941 de
1250 1882 1342 1944 Isocr.
1369 1885 1402 1956 3,
1426 1904 1455 1962 p.

343 1977 405 2034 539
437 1973 473 2032 R.
507 1973 649 2051 exponit,
682 1992 757 2052 quas
786 1973 913 2032 virtutes
943 1971 1171 2050 Theophrastus
1208 1974 1312 2049 generi
1350 1971 1458 2049 grandi

341 2062 490 2123 tribuerit.
537 2060 604 2136 Quo
635 2063 701 2121 iure
724 2057 929 2141 Volkmann⁴)
965 2073 994 2120 et
1022 2057 1176 2143 Schmidt)
1202 2061 1373 2121 Antistheni
1404 2062 1459 2120 hoc

341 2152 478 2211 meritum
502 2150 664 2224 vindicent,
697 2171 756 2209 non
788 2150 887 2228 video,
920 2149 997 2210 idem
1031 2151 1111 2210 valet
1142 2149 1179 2210 de
1210 2152 1316 2223 causis,
1349 2151 1458 2230 quibus

342 2252 505 2300 commotus
525 2239 646 2299 Schmid
669 2240 688 2300 l.
706 2240 727 2300 l.
745 2248 835 2297 totam
860 2239 942 2297 illam
966 2239 1131 2300 doctrinam
1155 2239 1192 2298 ad
1217 2241 1326 2300 stoicos
1350 2241 1460 2300 referre

341 2330 479 2389 volucrit.
520 2328 577 2388 Sed
601 2330 626 2388 si
642 2328 865 2402 Theophrastus
889 2349 1010 2409 quoque
1032 2329 1166 2407 singulos
1189 2340 1293 2409 poetas
1316 2339 1346 2389 et
1366 2331 1459 2408 scrip·

341 2429 420 2478 tores
444 2417 571 2493 singulis
601 2417 792 2494 χαρακτῆρσι
823 2418 936 2499 tribuit,
970 2429 1067 2478 tamen
1099 2421 1219 2478 minime
1251 2431 1375 2479 conatus
1403 2428 1457 2498 est,

342 2499 477 2583 singulas
501 2525 645 2584 personas
668 2508 755 2565 unius
780 2506 932 2568 cuiusdam
963 2511 1102 2568 carminis
1126 2507 1230 2568 eodem
1255 2508 1340 2569 modo
1364 2508 1458 2568 distri·

342 2597 443 2659 bucro.
489 2594 524 2654 Id
556 2597 643 2655 stoici
667 2598 923 2674 excogitaverunt.
961 2599 1104 2676 Legimus
1128 2599 1207 2657 enim
1231 2598 1312 2678 apud
1329 2597 1459 2658 Gellium

340 2686 396 2760 VI,
425 2690 464 2746 14
488 2684 581 2744 verba
603 2685 695 2766 plane
719 2707 785 2746 cum
809 2688 922 2747 scholio
945 2699 1046 2748 nostro
1070 2691 1277 2766 congruentia,
1306 2688 1368 2771 ubi,
1393 2709 1460 2748 cum

342 2773 379 2834 de
396 2775 491 2835 tribus
507 2775 565 2833 illis
581 2775 743 2852 generibus
760 2777 934 2837 elocutionis
952 2779 1097 2857 exposuit,
1122 2779 1221 2856 pergit
1242 2775 1260 2856 ξ
1279 2781 1311 2838 7:
1337 2777 1408 2850 „sed
1424 2798 1460 2838 ea

341 2867 406 2944 ipsa
430 2885 544 2942 genera
567 2863 684 2924 dicendi
708 2867 766 2928 iam
791 2869 957 2946 antiquitus
972 2866 1082 2927 tradita
1105 2868 1144 2927 ab
1160 2867 1292 2926 Homero
1316 2878 1387 2927 sunt
1402 2868 1460 2926 tria

341 2956 372 3014 in
396 2954 505 3013 tribus:
532 2955 723 3032 magnificum
747 2957 779 3015 in
794 2956 885 3017 Ulixe
908 2967 938 3016 et
961 2956 1110 3035 ubertum,
1135 2957 1246 3015 subtile
1269 2957 1299 3014 in
1323 2958 1460 3017 Menelao

342 3053 372 3104 et
397 3043 568 3114 cohibitum,
593 3045 717 3104 mixtum
733 3044 980 3125 moderatumque
995 3047 1026 3104 in
1042 3046 1199 3118 Nestore‚“
1226 3055 1256 3105 et
1271 3045 1352 3124 apud
1368 3045 1460 3121 Quin·

342 3133 478 3190 tilianam
502 3132 574 3204 XII,
609 3138 657 3206 10,
684 3139 739 3195 64:
768 3155 855 3206 ,nam
880 3145 909 3194 et
932 3135 1080 3194 Homerus
1104 3136 1224 3194 brevem
1249 3134 1368 3214 quidem
1393 3155 1459 3196 cum

343 3221 528 3280 iucunditate
561 3235 590 3280 et
612 3224 772 3302 propriam,
807 3224 850 3302 (id
881 3225 959 3283 enim
984 3235 1111 3283 estnon
1134 3223 1271 3283 deerrare
1295 3225 1406 3304 verbis)
1431 3235 1461 3286 et

343 3320 492 3371 carentem
516 3314 710 3389 supervacuis
731 3313 932 3393 eloquentiam
949 3314 1086 3372 Menelao
1110 3312 1199 3387 dedit,
1224 3325 1387 3394 quaesunt
1403 3315 1460 3374 vir-

343 3411 422 3460 tutes
453 3402 573 3478 generis
604 3401 686 3460 illius
708 3404 805 3481 primi,
838 3413 869 3462 et
892 3424 930 3464 ex
953 3423 1004 3462 ore
1026 3403 1161 3464 Nestoris
1193 3402 1269 3462 dixit
1298 3403 1460 3464 dulciorem

344 3490 432 3549 melle
464 3489 610 3569 profluere
642 3510 823 3567 sermonem,
855 3513 916 3572 qua
947 3503 1026 3552 certe
1056 3491 1253 3552 delectatione
1283 3493 1357 3554 nihil
1386 3493 1461 3570 fingi

343 3581 440 3638 maius
469 3588 580 3658 potest:
614 3578 664 3638 sed
697 3601 840 3640 summam
872 3602 1065 3661 expressurus
1104 3583 1133 3640 in
1162 3581 1253 3644 Ulixe
1279 3580 1459 3656 facundiam,

345 3679 375 3728 ot
406 3668 642 3746 magnitudinem
674 3670 831 3730 illi·vocis
863 3681 892 3730 et
915 3672 975 3730 vim
1007 3672 1147 3732 orationis
1178 3671 1299 3732 nivibus
1329 3672 1460 3731 hibernis

345 3759 432 3838 copia
449 3759 607 3818 verborum
624 3769 716 3839 atque
731 3760 846 3839 impetu
861 3779 963 3840 parem
979 3761 1111 3822 tribuit.“
1147 3761 1233 3838 Quae
1248 3766 1372 3822 stoicum
1388 3781 1460 3842 prae

345 3935 556 3943 ..—-.—.—.

477 4038 615 4162 ripsque
636 4041 670 4163 {pl
690 4040 879 4110 ἐπιλεγόμενον
899 4045 1006 4127 Διροεῑ
1023 4043 1184 4116 Ἰσοκράτης.

437 4113 460 4250 8))
476 4112 1061 4250 {liubila}iiiiiiitittxlittilltiddliussalllduqlvhrat
1083 4188 1112 4244 in
1135 4187 1204 4242 libro
1224 4191 1284 4258 περὶ
1302 4185 1411 4249 legeram
1428 4191 1460 4241 eh

345 4254 687 4396 Rube,4)tlerhTepetEgl;rttsbi
705 4257 783 4312 libris
801 4263 860 4330 περὶ
879 4255 980 4320 λέξεως,
1003 4262 1077 4316 1890.

437 4398 460 4470 ⁵)
477 4371 548 4456 illus.¹
566 4371 642 4458 rhen.
660 4401 704 4470 49,
724 4401 783 4458 156.
