3390 5140
675 405 893 464 ..71-

226 582 312 644 modo
334 583 516 663 respexerit,
548 584 606 641 iam
631 579 718 641 nohis
740 579 904 641 diiudicare
927 602 988 642 non
1010 583 1094 657 licat3
1118 601 1217 662 neque
1238 584 1343 660 magni

228 682 273 733 est
294 670 469 748 momentil)

315 763 407 824 Porro
430 760 643 839 Metrophanes
673 760 733 832 ille,
766 761 850 820 cuius
878 762 1044 820 sententias
1074 760 1155 821 haud
1177 781 1245 821 raro
1269 761 1343 822 Her·

226 854 360 930 mogenis
393 859 636 911 commentatores
665 850 825 909 lectoribus
853 851 1056 929 propinant‚²)
1089 872 1108 910 a
1136 846 1292 934 Syrisn03)
1324 846 1342 912 ὁ

226 938 431 1013 Πλατωνικός
454 949 587 1012 vocetur,
612 959 683 1016 ergo
708 938 819 998 Plotini
842 949 910 1009 erat
929 941 1094 1014 sectatore)

314 1031 423 1110 Neque
452 1028 635 1094 lamblichus
666 1047 820 1088 successor
850 1028 1010 1109 Porphyrii
1040 1040 1132 1088 artem
1162 1029 1341 1090 rhetoricam

225 1121 348 1200 sprevit.
394 1119 520 1198 Scripsit
543 1118 621 1178 enim
643 1117 753 1177 librum
768 1120 838 1196 περὶ
859 1121 988 1197 κρίσεως
1003 1113 1133 1196 ἀρίστου
1148 1115 1255 1195 λόγου,
1281 1139 1342 1198 qus

225 1211 255 1268 iu
267 1209 472 1268 dissertatione
485 1229 553 1267 eum
563 1208 781 1284 Hermogenem
795 1217 927 1268 secutum
940 1227 1006 1268 esse
1017 1217 1144 1267 testatur
1156 1205 1343 1287 Syrianus=⁶)

226 1300 273 1359 δεῖ
294 1295 455 1376 γὰρμήτε
478 1292 516 1358 τὸ
539 1295 699 1370 σύντομον
722 1295 798 1357 εἶναι
819 1292 934 1372 ἀσαφὲς
956 1294 1031 1375 μήτε
1054 1291 1090 1358 τὸ
1114 1298 1207 1371 σαφὲς
1230 1299 1342 1358 ἰδιωτι-

226 1384 293 1460 κόν,
318 1390 368 1448 καὶ
392 1382 428 1447 τὸ
450 1388 507 1459 μὲν
531 1384 645 1459 σεμνὸν
667 1381 709 1462 μὴ
732 1384 810 1446 εἶναι
826 1381 905 1462 ἄγαν
920 1386 1150 1464 ἐξηλλαγμένον
1169 1382 1208 1447 τὸ
1230 1387 1264 1446 δὲ
1279 1407 1341 1448 κοι-

225 1473 284 1538 νὸν
306 1473 349 1555 μὴ
372 1475 449 1538 εἶναι
472 1472 747 1552 εὐκαταφρόνητον
775 1473 856 1551 ἔχειν
887 1477 919 1536 δέ
951 1498 1019 1536 τινα
1051 1476 1207 1556 ἐξαίρετον
1230 1470 1341 1553 ὑπερο-

226 1563 304 1644 χήν·
328 1561 364 1627 τὸ
396 1561 455 1644 γὰρ
478 1566 625 1636 παντελὲς
647 1570 744 1626 τοῦτο
766 1565 818 1625 καὶ
840 1565 1147 1642 συμπεπληρωμένον
1170 1579 1235 1640 τοῖς
1258 1555 1343 1638 ὅλοις

226 1653 350 1717 κάλλεσι
373 1656 438 1717 τῶν
460 1653 567 1731 λόγων
589 1649 662 1730 παρ’
687 1651 808 1735 Ὁμήρῳ
840 1675 873 1715 τε
900 1658 952 1715 καὶ
976 1653 1125 1716 Πλάτωνι
1151 1658 1203 1716 καὶ
1226 1657 1342 1733 Δημοσ-

224 1746 307 1808 θένει
331 1739 490 1823 γνώριμόν
514 1742 596 1804 ἐστιν
619 1744 705 1803 ἰδεῖν.

314 1835 428 1910 Quinto
452 1833 572 1892 saeculo
595 1831 740 1911 Syriaeue
764 1832 895 1892 echelum
918 1835 1005 1910 rexit,
1037 1834 1135 1893 Procli
1158 1841 1340 1913 praeceptor.

227 1925 279 2004 qui
305 1923 342 1983 de
364 1923 611 2002 interpretatione
626 1922 794 1982 Aristotelis
819 1922 895 1982 hene
915 1925 1038 1984 meritus
1055 1931 1109 1985 est.
1157 1922 1253 1999 Quem
1269 1942 1342 1982 eun-

229 2014 295 2072 dem
319 2031 386 2072 esse
407 2020 500 2091 atque
527 2021 675 2072 auctorem
705 2014 908 2072 commentarii
937 2014 970 2070 in
992 2012 1212 2090 Hermogenem
1242 2010 1343 2071 adhuc

227 2103 347 2174 servati,
373 2120 553 2180 quamquam
577 2120 637 2160 uon
653 2101 742 2180 plane
759 2110 845 2162 extra
862 2100 1078 2162 dubitationem
1094 2111 1149 2175 est,
1172 2110 1254 2160 recte
1268 2101 1342 2160 mihi

226 2189 311 2250 Rabe
343 2190 529 2251 contendisse
560 2188 686 2250 videtur.
700 2185 727 2273 6)
793 2191 870 2250 Nam
907 2191 1119 2272 philosophum
1154 2191 1341 2254 Platonicum

227 2280 334 2353 fuisse,
371 2281 423 2359 qui
459 2280 536 2339 hano
567 2279 798 2358 explicationem
830 2283 1014 2359 composuit,
1045 2300 1248 2360 unaquaeque
1279 2280 1342 2341 fere

226 2370 340 2448 pagina
371 2369 487 2430 clamat.
542 2369 650 2448 Neque
679 2369 794 2428 nullius
825 2371 965 2430 momenti
997 2390 1062 2430 esse
1094 2390 1217 2441 censeo,
1249 2369 1343 2430 Suida

227 2468 304 2518 teste
319 2457 445 2518 eundem
462 2457 592 2518 edidisse
611 2452 780 2536 deduntque
796 2459 838 2531 εἰς
847 2449 988 2537 Ὅμηρον
1003 2449 1081 2520 ὅλον
1096 2458 1129 2520 ἐν
1144 2462 1276 2534 βιβλίοις
1296 2449 1341 2534 ἕξ.

316 2548 439 2608 illorum
480 2559 579 2610 autem
615 2549 790 2627 scriptorum
830 2548 922 2608 libros
956 2550 1013 2607 viri
1048 2547 1126 2608 docti
1159 2550 1344 2628 Byzantinus

225 2639 331 2698 aetatis
358 2637 522 2715 diligenter
552 2638 747 2716 perlegerunt
781 2645 874 2716 atque
905 2647 1137 2716 excerpserunt,
1174 2649 1209 2696 ut
1238 2639 1341 2718 multa,

226 2746 306 2806 quae
330 2728 450 2786 illorum
475 2725 712 2800 emendentur,
738 2725 904 2787 debeantur
918 2726 1152 2805 Neoplatonicis.
1198 2726 1248 2787 Sic
1263 2727 1344 2807 apud

225 2819 429 2896 Dexopatrem
454 2825 484 2876 et
509 2817 670 2876 Maximum
694 2813 860 2875 Planudem
891 2817 1062 2895 saepissime
1084 2815 1203 2895 Syriani
1225 2817 1283 2875 loci
1306 2816 1344 2877 ad

226 2906 351 2966 verbum
384 2907 585 2986 reperiuntur.
633 2906 714 2984 Ergo
744 2907 976 2984 Byzantinorum
1008 2925 1099 2985 opera
1130 2907 1158 2964 ei
1187 2906 1345 2982 negligere

225 2996 388 3072 nonlicet,
423 2995 475 3076 qui
507 3015 684 3075 recuperare
714 2995 824 3070 studet,
856 2993 929 3075 quid
951 2995 1161 3074 Neoplatonici
1191 2993 1346 3054 docuerint

227 3083 264 3144 de
292 3085 411 3162 legibus
444 3087 516 3144 artis
549 3087 702 3146 oratoriae.
750 3085 927 3164 Comparari
957 3087 1050 3162 igitur
1080 3085 1292 3145 commentario
1313 3086 1346 3144 in

225 3175 445 3250 Hermogenem
479 3195 546 3233 cum
574 3174 731 3234 Eustathio
757 3184 879 3254 sperans
910 3195 958 3234 me
988 3183 1124 3234 suctores
1154 3173 1345 3234 inventurum

226 3283 304 3334 esse,
340 3285 395 3344 per
427 3284 501 3344 quos
532 3265 733 3342 Hermogenis
765 3275 925 3344 praecepta
956 3263 988 3323 in
1019 3264 1168 3324 Eustathii
1199 3266 1343 3344 interpre-

226 3353 372 3413 tationem,
393 3353 514 3414 Homeri
546 3355 708 3414 carminum
740 3353 942 3434 pervenerint,
975 3356 1149 3434 praesertim
1181 3373 1247 3413 cum
1279 3355 1343 3413 eins
1396 3353 1398 3360 '

227 3444 370 3520 aequales
388 3443 672 3524 Neoplatouioorum
696 3445 814 3523 scriptis
838 3445 886 3503 usi
909 3445 976 3504 sint.
1022 3441 1082 3502 Sed
1106 3443 1229 3520 egregie
1253 3443 1344 3502 falsus

226 3551 317 3590 eram.
376 3532 453 3591 Nam
486 3553 647 3612 essequam
678 3535 839 3600 observavi
872 3553 1028 3600 οοιιενιινι
1058 3533 1145 3599 inter
1175 3535 1345 3615 utrumque

226 3641 328 3707 pertus
351 3623 602 3699 sustitutionem
626 3624 784 3704 perpaucis
809 3624 942 3702 exceptis
967 3623 1047 3702 locis,
1079 3640 1203 3702 quorum
1227 3620 1343 3680 indoles

227 3712 348 3770 minime
379 3711 497 3787 sufficit,
531 3723 565 3772 ut
595 3713 689 3771 artius
721 3711 870 3791 quoddam
899 3712 1052 3772 vinculum
1084 3721 1217 3771 statuere
1246 3711 1343 3774 liceat.

319 3920 339 3992 ¹)
360 3921 441 3975 lllum
467 3920 651 3991 Hermogenis
680 3919 831 3976 doctrinam
859 3921 979 3976 Homero
1012 3921 1166 3977 admovisse
1194 3921 1249 3976 iam
1276 3920 1343 3978 vidi-

304 3996 392 4168 13.)th
409 4081 436 4133 p.
456 4065 499 4129 67,
518 4063 579 4118 adu.
599 4065 625 4119 2.

316 4139 338 4277 ‘i
356 4134 671 4275 hlhile5sirhthhhharat
688 4223 751 4290 eum
770 4223 825 4262 non
843 4211 908 4276 post
927 4222 1029 4289 annum
1046 4205 1100 4261 400
1117 4205 1214 4262 fuisse.

317 4280 339 4421 ἓξ
356 4279 381 4406 ll,
393 4278 579 4422 lttsslllpltff
591 4278 652 4333 Joh.
666 4279 717 4334 Sro.
731 4277 779 4345 Vl,
799 4281 834 4334 98
847 4279 901 4390 Vl„
920 4279 1030 4333 Haxlm.
1051 4278 1166 4333 Planud.
1181 4276 1215 4344 V,
1232 4279 1285 4329 443
1299 4273 1342 4331 W.
