3390 5140
617 460 904 538 '-or-

329 660 429 738 Atque
452 657 578 736 primum
610 654 775 736 codices-A
792 655 819 713 D
836 653 875 738 G1
905 653 946 738 &2
977 654 1094 714 omnino
1126 649 1268 714 eiusmodi
1302 652 1351 712 ad-

234 748 437 808 notationibus
461 754 573 808 carent.
620 745 703 805 luter
725 745 857 824 reliquos
882 745 924 803 sic
948 742 1126 804 distributae
1149 751 1232 804 sunt:

469 873 596 931 Exstant
619 871 650 929 in
673 867 740 928 BT
762 869 873 929 scholia
898 867 934 928 de
957 868 1032 928 ideis
1059 871 1098 930 14

625 1004 638 1034 „
680 960 704 1018 B
762 959 825 1018 solo
1077 961 1092 1018 1

1076 1050 1095 2264 δ-*ῑ-Βὶ-ἢΙ-*β-ᾹωΙ-Ᾰσῦῑ-Πσδωωωῖμ

1078 2298 1094 2358 1

626 2431 639 2461 „
667 2386 874 2466 manuscriptis
898 2385 1033 2446 Barnesii
1078 2389 1106 2448 1.

323 2512 413 2573 Nunc
430 2515 521 2573 etiam
536 2514 632 2588 magis
649 2512 840 2592 perspicuum
863 2511 906 2586 fit,
931 2531 1021 2589 quarn
1045 2529 1142 2590 pauca
1157 2509 1283 2590 singulis
1306 2531 1353 2572 co·

237 2601 352 2662 dinibus
377 2603 530 2684 adscripta
553 2604 612 2664 siut
642 2602 754 2662 scholia
785 2599 938 2661 eiusmodi.
985 2599 1063 2660 Nam
1087 2600 1148 2659 ΒΤ
1168 2620 1228 2659 uon
1251 2610 1354 2660 contra

236 2702 363 2772 pugnat,
390 2695 461 2772 quis
477 2711 618 2754 numerus
641 2693 735 2750 maior
751 2709 851 2750 eorum
868 2690 933 2768 agit
949 2687 985 2748 de
1000 2689 1151 2766 gravitate
1168 2687 1352 2771 (σεμνότης),

237 2801 362 2862 quorum
386 2781 485 2843 indole
509 2790 677 2842 acuatum
700 2789 862 2840 commotus
886 2775 974 2838 valde
992 2777 1104 2852 dubito,
1129 2797 1199 2837 num
1221 2777 1257 2854 de
1278 2779 1353 2839 ideis

236 2869 436 2948 intelligenda
459 2875 533 2944 sint,
557 2871 729 2950 praesertim
755 2890 820 2930 cum
845 2878 874 2930 et
897 2876 1016 2928 exstent
1039 2869 1071 2928 iu
1093 2869 1354 2948 praestantissimis

236 2959 397 3043 codicibus,
422 2971 452 3022 et
475 2983 535 3022 vox
551 2958 663 3033 σεμνός
677 2963 735 3020 iam
753 2959 969 3040 antiquissimis
985 2958 1169 3038 temporibus
1185 2957 1353 3018 rhetoribus

235 3053 266 3110 in
290 3070 345 3110 usu
370 3049 501 3132 tueritl)
547 3051 664 3127 Quibus
696 3051 810 3110 omissis
840 3050 904 3108 fere
933 3048 1031 3107 omnia
1054 3047 1196 3124 leguntur
1220 3047 1250 3106 in
1275 3045 1353 3106 codi-

236 3141 320 3199 cibus
354 3140 471 3222 llisdis,
509 3142 562 3222 qui
592 3141 738 3224 praebent
769 3137 896 3217 scholia,
933 3157 1010 3216 quae
1041 3147 1186 3197 vocantur
1216 3137 1352 3214 vulgata.

236 3227 342 3306 Scripti
370 3242 440 3292 sunt
467 3229 511 3290 illi
539 3230 658 3292 saeculo
690 3232 739 3293 13.
764 3229 813 3288 vel
839 3231 898 3311 14„
930 3226 1046 3288 codices
1069 3225 1221 3306 Odysseae
1253 3247 1353 3287 omnes

236 3320 355 3381 saeculo
383 3325 432 3382 13.
453 3327 502 3384 14.
520 3330 573 3380 aut
591 3325 640 3382 15.
658 3320 861 3398 Manuscripta
876 3319 1013 3377 Barnesii
1036 3315 1140 3378 eadem
1164 3325 1263 3377 aetate
1285 3337 1353 3376 con·

235 3409 314 3468 fecta
338 3431 401 3471 esse
424 3411 587 3471 verisimile
610 3419 668 3489 ost,
702 3427 884 3488 quamquam
907 3406 945 3466 de
968 3407 1009 3468 eis
1033 3406 1107 3465 nihil
1131 3407 1202 3465 certi
1226 3414 1351 3466 constat.

236 3497 366 3558 Possunt
393 3499 488 3578 igitur
518 3500 571 3559 illa
604 3501 702 3558 omnia
734 3518 799 3558 osse
828 3496 965 3556 derivata
997 3516 1035 3555 ex
1058 3495 1215 3555 Eustathio
1243 3495 1291 3554 vel
1315 3515 1353 3554 ex

236 3586 294 3646 alio
326 3588 457 3648 eiusdem
489 3590 607 3668 generis
638 3581 730 3669 atque
760 3589 866 3648 aetatis
896 3586 982 3647 libro.
1030 3583 1072 3670 Gra
1099 3593 1129 3646 et
1151 3585 1190 3668 P¹⁵
1220 3583 1283 3644 fero
1311 3583 1352 3644 nil

238 3677 389 3738 continere
412 3680 469 3738 nisi
494 3688 636 3759 excerpta
659 3699 695 3738 ex
718 3677 875 3737 Eustatbio
884 3676 910 3758 ²)
934 3683 1057 3737 constat.

325 3766 408 3826 Idem
432 3769 572 3845 efficitur,
603 3770 628 3828 si
650 3770 718 3848 ipsa
740 3767 833 3826 verba
856 3765 1035 3826 scholiorum
1058 3763 1202 3842 legimus,
1227 3781 1352 3843 quorum

237 3856 331 3916 multa
355 3857 510 3917 manifesto
535 3860 663 3939 speciem
686 3875 759 3938 prae
786 3877 818 3916 se
847 3857 947 3916 ferunt
976 3852 1170 3913 additamenti
1200 3852 1352 3912 cuiusdam

236 3945 355 4007 lectoris
378 3947 497 4008 infimae
525 3953 630 4008 aetatis
660 3968 685 4007 e.
710 3968 740 4025 g.
773 3949 887 4022 7392,
920 3947 1045 4018 11474,
1079 3947 1201 4017 nuto,
1234 3945 1352 4012 nuso,

227 4039 347 4120 1380,
376 4039 486 4111 Ι157,
516 4039 609 4112 asa,
641 4041 762 4110 aunt,
791 4039 912 4109 A235,
944 4037 1065 4108 enat,
1097 4037 1212 4095 2294.
1260 4033 1351 4092 Porro

236 4161 447 4172 ——.-—..-.-.

328 4213 349 4282 ¹)
367 4228 390 4268 e.
404 4229 440 4282 g.‚
461 4227 529 4280 quae
548 4210 620 4265 timis
640 4211 726 4266 oculis
745 4209 859 4279 arripui,
878 4195 991 4278 praeter
1009 4206 1094 4263 Plinii
1106 4207 1196 4261 locum
1209 4206 1352 4260 laudatum

236 4298 263 4350 p.
282 4285 324 4351 32,
349 4285 410 4339 adu.
433 4287 461 4353 13
482 4283 664 4338 Anaximenes
683 4286 729 4354 32;
756 4283 809 4338 Cic.
829 4282 864 4336 ad
883 4283 944 4337 Aac.
963 4285 987 4349 2,
1009 4282 1031 4348 1,
1051 4282 1080 4350 3;
1102 4279 1135 4334 D.
1155 4279 1189 4334 H.
1210 4279 1243 4332 de
1267 4293 1352 4347 comp.

237 4358 312 4412 verb.
332 4357 499 4426 saepissime,
519 4356 585 4411 item
605 4360 702 4408 auctor
721 4356 754 4409 de
774 4353 951 4409 sublimitate.

327 4429 349 4498 ⁹)
369 4429 402 4485 of.
422 4429 517 4484 Nicole
536 4429 557 4490 I,
576 4444 639 4496 pag.
658 4427 688 4482 L.
726 4425 839 4481 Cramer
857 4427 875 4482 l.
894 4426 911 4482 l.
930 4442 956 4494 p.
981 4425 1039 4478 179.
