3356 5150
821 439 1065 525 -ικ-’

372 645 478 706 rese
502 645 631 723 (1273),
668 647 771 705 ulto
797 640 928 726 (1304),
960 648 991 703 o
1009 643 1073 703 teo
1104 639 1232 726 (rese),
1264 644 1336 702 εοι
1362 639 1487 723 (rste),

370 737 464 796 0183
489 729 614 813 (1842),
640 754 666 794 ιο
681 737 721 795 36
745 730 868 818 (1953).

462 823 540 882 Tum
563 824 744 903 simplicitati
768 824 872 882 lavent
894 823 1035 906 ampla
1050 822 1088 888 de
1102 822 1210 888 bestiis
1231 821 1280 886 vel
1298 821 1422 904 plantis
1436 821 1487 885 de-

366 909 555 998 fflomptaff)
600 912 717 972 Subicit
738 913 943 988 Hermogenes
974 911 1043 971 ideo
1071 907 1215 985 ἀφέλειαν
1240 921 1399 986 cognatam
1422 929 1487 968 esse

371 1003 529 1062 suavitati:
553 996 602 1062 διὸ
618 1004 668 1062 καί
688 999 851 1076 πλεονάζει
866 995 953 1077 παρά
968 1012 1035 1072 τοῖς
1049 996 1230 1082 ποιηταῑςλ)
1267 998 1372 1058 Nihilo
1387 1009 1488 1058 tamen

369 1093 469 1150 minus
491 1091 668 1151 Eustathius
690 1091 771 1150 haud
794 1093 837 1148 ita
863 1089 964 1149 multis
991 1091 1064 1148 locis
1091 1089 1169 1147 hanc
1196 1089 1395 1165 Hermogenis
1422 1108 1488 1147 sen·

370 1181 495 1240 tentiam
527 1201 614 1240 suum
644 1183 677 1239 in
706 1200 795 1240 usum
826 1179 958 1250 contulit
1015 1177 1210 1238 Narrationes
1241 1176 1278 1237 de
1309 1177 1488 1236 animalibus

370 1269 498 1330 ornandi
521 1291 611 1330 causa
634 1291 653 1329 a
676 1281 767 1349 poeta
787 1268 968 1328 carminibus
991 1269 1125 1327 intextae
1146 1267 1295 1346 simplices
1315 1287 1381 1326 esse
1401 1265 1489 1326 docet

376 1363 482 1420 311403
501 1362 624 1436 (1308),
654 1359 901 1436 T413(1191):
925 1354 964 1417 τὸ
988 1359 1020 1418 δέ
1043 1357 1130 1418 θεῶν
1152 1351 1280 1431 ἀριστον
1303 1353 1361 1418 τὸν
1383 1351 1487 1416 Ἀπόλ-

370 1453 458 1510 λοινα
485 1451 581 1510 εἰπεῖν
596 1454 648 1528 ,τῇ
670 1449 737 1508 ταῖν
759 1449 868 1508 ίππων
890 1444 1014 1526 ἀφελείᾳ
1037 1446 1186 1521 ὃοτέον.3)
1229 1452 1264 1508 Π
1276 1449 1340 1507 684
1357 1443 1485 1526 (1081)

342 1561 345 1569 ’
371 1542 538 1614 σημείωσαι
554 1538 587 1598 δέ
610 1540 670 1609 καὶ,
695 1527 743 1598 ὅτι
759 1531 868 1612 ἀφελές
881 1535 1020 1597 ἐνταῦθα
1034 1547 1133 1596 κεῖται
1147 1532 1249 1612 νόημα
1264 1529 1303 1595 τὸ
1318 1531 1487 1611 Πάτροκ-

368 1633 433 1699 λος
456 1622 483 1688 d'
509 1628 682 1687 ἵπποισιν
709 1629 768 1686 καί
791 1622 1049 1698 Αὐτομέδοντι
1077 1621 1253 1696 κελεύσας
1279 1624 1403 1701 Τρῶας
1428 1626 1488 1684 καί

369 1719 531 1789 Λυκίους
560 1719 793 1788 μετεκίαθεν,
824 1711 977 1776 ἁπλοϊκὸν
1007 1710 1066 1789 γάρ
1097 1713 1224 1786 πάντως
1250 1710 1288 1773 τὸ
1310 1712 1415 1789 ἐπίσης
1440 1733 1487 1772 κε-

369 1811 476 1866 λεῦσαι
502 1806 549 1887 τῷ
578 1799 657 1883 ἥρωι
684 1808 734 1865 καί
763 1817 829 1876 τοῖς
852 1805 957 1876 ἵπποις
983 1804 1017 1864 δέ
1040 1799 1085 1875 ὥς
1107 1807 1254 1878 λογικοῖς.
1301 1803 1348 1862 De
1377 1803 1487 1881 plantis

368 1907 489 1973 sumpta
512 1905 557 1956 est
579 1897 762 1974 comparatio
777 1895 948 1954 Nausicaae
970 1914 1037 1954 cum
1059 1913 1145 1952 sacra
1164 1893 1281 1952 imulas
1297 1893 1365 1950 Deli
1386 1892 1488 1972 palma

368 1985 408 2044 ab
432 1985 521 2046 Ulixe
543 1986 681 2044 instituto
704 1985 722 2060 ζ
741 1989 802 2045 148
820 1980 945 2066 (1557).

458 2075 596 2153 Denique
628 2073 746 2134 silentio
781 2075 945 2152 praeterire
977 2071 1047 2130 nolo
1078 2076 1104 2131 Z
1127 2073 1190 2132 467
1217 2067 1322 2151 (655),
1357 2069 1487 2150 lepidam

369 2165 560 2238 Astyanactis
584 2161 827 2240 descriptionem,
860 2181 939 2240 quae
966 2162 1057 2239 plane
1084 2181 1151 2219 cum
1179 2161 1339 2220 infantium
1363 2180 1487 2218 consue-

368 2252 473 2312 tudine
496 2254 650 2329 congruit:
676 2241 724 2311 ὅτι
746 2248 830 2310 πάνυ
854 2247 976 2324 ἀφελῶς
996 2251 1049 2308 καὶ
1071 2249 1210 2324 γλυκέος
1232 2246 1339 2324 φράζει
1354 2239 1488 2326 Ὅμηρος

368 2337 413 2413 ὥς
434 2339 469 2402 ἐν
492 2346 636 2422 γραφικῷ
660 2334 745 2414 ὄψει,
778 2333 865 2411 ὅπως
895 2337 951 2400 τὸν
978 2337 1098 2415 πατέρα
1121 2333 1311 2410 ὁπλισμέυον
1341 2333 1419 2398 ἰδών
1448 2333 1487 2398 τὸ

367 2430 483 2508 βρέφος
505 2426 524 2489 ὁ
547 2424 715 2504 Ἀστυάναξ
737 2429 868 2506 διετέθη.

458 2518 575 2593 Quibus
598 2520 740 2594 expositis
763 2519 969 2594 Hermogenes
991 2519 1099 2576 transit
1121 2515 1160 2576 ad
1182 2517 1377 2595 methodum,
1401 2519 1485 2576 cuiue

369 2609 486 2688 species
509 2607 683 2688 principalis
711 2617 757 2668 ost
787 2603 825 2668 τὸ
854 2603 1039 2683 πλεονάζειν
1066 2619 1132 2678 τοῖς
1158 2601 1238 2666 κατά
1265 2605 1373 2684 μέρος,
1405 2605 1481 2685 quod

367 2697 416 2772 fit,
448 2699 473 2757 si
503 2698 625 2774 singula
654 2718 809 2758 narramus
840 2699 1018 2757 minutatim.
1064 2695 1101 2755 Id
1128 2717 1157 2776 p.
1185 2699 1249 2756 408
1278 2697 1484 2772 Hermogenes

368 2787 551 2846 carminibus
573 2807 706 2848 summae
728 2786 812 2846 laudi
835 2783 980 2868 tribuit‚4)
1004 2805 1167 2865 rursusque
1188 2783 1331 2844 debemus
1346 2784 1487 2844 admirari

371 2877 495 2955 elegans
517 2876 717 2954 Hermogenis
739 2875 897 2948 iudicium,
920 2895 1005 2954 nam,
1030 2895 1109 2954 quae
1132 2877 1228 2954 poetis
1250 2876 1348 2934 virtus
1371 2884 1431 2946 eat,
1455 2875 1486 2932 in

371 2967 553 3026 contrarium
576 2977 718 3039 mutatur,
743 2967 768 3024 si
792 2964 831 3024 ab
851 2965 997 3023 historicis
1015 2963 1190 3024 admittitur.
1230 2964 1405 3024 Eustathiua
1426 2983 1487 3022 nno

369 3067 485 3116 tantum
508 3056 574 3114 loco
597 3053 673 3114 illud
695 3055 852 3114 artificium
875 3055 1044 3132 respexisse
1074 3052 1205 3126 videtur,
1234 3049 1485 3133 π341(1804);

368 3139 418 3204 ὅτι
441 3140 479 3205 τὸ
495 3148 576 3204 λίπε
599 3140 705 3220 έρκεά
721 3163 759 3203 τε
773 3139 938 3220 μέγαρόν
953 3163 989 3202 τε
1005 3136 1075 3202 ἀντὶ
1090 3143 1150 3202 τοῦ
1164 3139 1290 3220 μακράν
1305 3143 1413 3218 γέγονε
1428 3147 1487 3202 τοῦ

369 3231 457 3294 οἴκου
475 3281 482 3294 .
500 3227 621 3308 ἀφελῶς
644 3233 677 3293 δέ
700 3233 798 3292 τοῦτο
821 3231 934 3310 ἐρρέθη
949 3226 1029 3291 κατά
1042 3235 1228 3308 περίφρασιν
1251 3226 1320 3292 ἀντὶ
1336 3238 1393 3292 τοῦ
1417 3229 1485 3291 ἀνε-

367 3319 509 3400 rotonam
539 3343 607 3380 narn
636 3321 897 3381 circumlocutione
923 3341 972 3380 res
1002 3335 1142 3380 narratae
1172 3325 1258 3400 quasi
1288 3323 1320 3380 in
1350 3321 1484 3398 singulas

368 3423 469 3492 partes
494 3411 706 3472 dissolvuntur.
746 3411 813 3470 Nisi
833 3411 910 3470 forte
931 3410 979 3469 hic
994 3410 1121 3470 collocas
1145 3411 1164 3470 d
1183 3407 1485 3494 141(1481)verba

367 3502 512 3572 Helenae,
537 3502 647 3580 quibus
671 3495 795 3575 ἀφέλεια
818 3499 1002 3558 vindicatur:

480 3584 519 3651 οὐ
542 3587 602 3667 γάρ
624 3586 674 3650 πώ
699 3586 768 3650 τινά
791 3610 868 3666 φημι
890 3585 1013 3650 έοικάτα
1036 3580 1098 3649 ὦδε
1122 3588 1241 3649 ἰδέσθαι

479 3674 545 3740 οὔτ’
570 3673 658 3758 ἀνέρ’
685 3673 758 3740 οὔτε
781 3690 922 3754 γυναῖκα,
948 3679 1039 3752 σέβας
1060 3675 1092 3750 μ’
1117 3676 1179 3752 ἔχει
1201 3674 1401 3755 εἰσορόωσαν.

458 3787 553 3862 Quem
577 3787 674 3846 locum
698 3807 755 3865 ego
778 3787 879 3846 malim
902 3786 1015 3845 babere
1034 3788 1066 3844 in
1081 3805 1334 3852 numerosorum,
1358 3805 1484 3864 quorum

368 3879 516 3938 sententia
539 3890 585 3938 est
605 3871 729 3954 ἀφελής.
776 3875 930 3952 Quomodo
951 3872 1092 3952 διήγησιν
1106 3871 1184 3934 κατὰ
1198 3874 1292 3952 μέρος
1309 3873 1484 3933 Ειιειειίιίιιυ

458 4054 478 4120 ²)
497 4051 535 4115 H,
548 4053 609 4118 354,
631 4049 695 4119 lSp
712 4065 719 4106 :
737 4053 766 4100 αλ
783 4051 814 4102 ἐν
837 4063 893 4104 τοῖς
912 4049 1106 4118 ἐπιχειρήμασιν
1125 4047 1179 4100 ἀπὸ
1202 4051 1260 4100 τῶν
1284 4045 1390 4116 ἀλόγων
1406 4047 1485 4110 ζώων

368 4121 613 4247 ίαμβαρρόρρνιιῧιὸἱ
627 4126 692 4246 ,Ἱκιιὲὶ
709 4124 733 4172 εί
751 4121 806 4173 ἀπὸ
825 4123 884 4172 τῶν
901 4121 996 4190 φυτῶν
1014 4117 1044 4171 δέ
1062 4139 1102 4175 τις
1120 4121 1267 4192 ἐπιχειροίη.

457 4231 585 4336 'iQtiem
609 4211 748 4320 ¹locuni'ai
767 4264 828 4332 quis
852 4264 942 4319 trahit
965 4263 1000 4317 ed
1028 4265 1183 4319 sententias
1205 4261 1333 4320 εὐτελεῖς,
1358 4277 1411 4331 ego
1429 4277 1485 4316 non

368 4338 560 4478 Obloql{iuliae
579 4408 638 4462 loco
656 4408 807 4463 Homerum
825 4406 977 4476 resslissiffi
995 4407 1094 4462 laudat
1112 4410 1136 4456 A
1155 4408 1215 4472 '3¹⁷’
1235 4408 1261 4456 Ε
1276 4408 1336 4460 ⁵6³⁵
