3390 5140
804 502 1024 561 ..32-

352 689 433 755 sunt,
464 679 502 740 de
532 700 593 760 qus
625 680 802 741 Aristoteles
826 681 972 759 praecipit
994 679 1071 740 rhet.
1095 677 1157 756 111,
1186 683 1235 758 16,
1263 679 1389 759 14161),
1417 684 1472 742 16:

352 768 491 848 διήγησις
521 768 549 830 δ’
574 769 608 830 έν
630 771 688 843 μέν
718 781 785 842 τοῖς
815 768 1027 842 ἐπιδεικτικοῖς
1055 767 1136 830 ἐστιν
1167 763 1227 830 οὐκ
1256 767 1365 846 ἐφεξῆς
1387 763 1474 830 ’ἀλλὰ

354 855 435 922 κατὰ
457 859 551 937 μέρος
573 869 604 918 et
626 859 644 922 1.
670 861 725 920 22:
760 853 811 918 διὰ
835 859 868 919 δὲ
891 854 977 919 τοῦτ’
1001 857 1098 919 ἐνίοτε
1129 855 1188 919 οὐκ
1210 856 1318 935 ἐφεξῆς
1340 859 1388 919 δεῖ
1410 859 1473 936 διη-

356 954 476 1026 γεῖσθαι
491 947 604 1021 πάντα,
621 941 670 1009 ότι
686 945 962 1024 δυσμνημόνευτον
978 942 1014 1009 τό
1030 945 1184 1008 δεικνύναι
1199 941 1313 1022 οὕτως.
1337 947 1474 1024 Quocum

356 1039 486 1119 plurima
501 1038 615 1098 scholia
630 1039 791 1098 convenire
806 1036 955 1110 videntur,
980 1038 1091 1118 quibus
1107 1036 1255 1098 Homerus
1272 1037 1472 1117 praedicatur,

356 1127 437 1208 quod
461 1127 499 1188 de
522 1127 626 1188 eadem
649 1148 682 1188 re
704 1147 764 1187 non
787 1128 886 1186 omnia
916 1124 1019 1188 eodem
1049 1127 1113 1205 loeo
1136 1129 1319 1208 exposuerit,
1351 1126 1475 1188 sedhic

355 1217 417 1277 illic
440 1226 535 1277 totum
559 1238 614 1298 per
637 1237 745 1298 poema
764 1215 896 1276 eiusdem
912 1218 1082 1294 argumenti
1106 1227 1205 1297 partes
1228 1216 1377 1297 dispersas
1400 1227 1475 1275 trac·

355 1308 478 1383 averia
510 1309 708 1386 e.g.A123
739 1306 804 1381 aa,
835 1309 942 1368 urso
973 1307 1037 1387 aa,
1070 1309 1177 1368 σιω
1206 1307 1270 1386 aa,
1307 1309 1385 1368 aaa
1410 1305 1473 1387 aa,

356 1399 448 1473 7301
476 1405 519 1477 qt.
565 1396 625 1456 Sed
647 1415 686 1455 ne
709 1395 754 1454 illi
777 1395 898 1476 quidem
921 1397 1045 1456 nimium
1068 1396 1191 1460 tribuas.
1237 1395 1287 1456 sie
1306 1394 1475 1456 Theodorei

355 1486 557 1566 permiserunt
579 1487 780 1545 narrationem
809 1484 936 1546 diversis
958 1486 1032 1546 locis
1054 1486 1132 1558 fieri,
1162 1485 1199 1549 cf.
1222 1506 1309 1549 anon.
1334 1485 1475 1564 Segueri-

356 1596 446 1636 anum
472 1571 576 1656 129.¹)
621 1575 857 1635 Fortunatianus
884 1575 1040 1656 Iuliusque
1063 1572 1199 1657 Viet0r2)
1230 1574 1307 1636 idem
1338 1583 1475 1635 statuunt

357 1664 395 1724 de
418 1684 531 1742 genere
553 1663 697 1744 iudiciali,
722 1684 797 1745 quos
821 1685 860 1724 ex
882 1666 981 1725 stoicis
1005 1665 1136 1744 pendere
1160 1667 1312 1744 constat.³)

444 1754 576 1831 Detegat
599 1774 686 1834 porro
709 1754 836 1814 forsitan
859 1756 926 1835 quis
948 1755 1204 1835 propinquitatem
1224 1753 1373 1836 quandam
1397 1756 1475 1814 inter

355 1848 437 1906 012:
461 1839 564 1922 ἐπειδὴ
595 1843 696 1916 μέλλει
727 1846 797 1922 περὶ
827 1841 1022 1921 πραγμάτων
1053 1846 1223 1922 διηγεῖσθαι
1252 1839 1371 1922 ἠθικῶς
1398 1865 1474 1921 προ-

355 1931 583 2009 κατασκευάζει,
617 1924 664 1994 ότι
687 1938 809 2006 μᾶλλον
840 1933 885 2015 τῷ
915 1925 1051 2015 ἡμετέρῳ
1083 1937 1244 2016 συμποσίῳ
1276 1928 1402 2012 ἁρμόζει
1425 1936 1475 1994 καλ

356 2019 456 2102 ἢτοῦ
478 2023 662 2104 κιθαρῳδοῦ
685 2017 844 2098 ἀκρόασις,
877 2025 943 2096 ἵνα,
977 2021 1031 2084 ἐὰν
1055 2018 1191 2101 ὀχληρὸς
1220 2027 1375 2101 φαίνηται,
1408 2035 1477 2096 τοῖς

355 2112 555 2186 βιασαμένοις
578 2107 756 2188 ἀναφέρωσι
780 2109 837 2189 τὴν
861 2114 982 2174 αἰτίαν.
997 2106 1060 2186 ἀμα
1083 2115 1117 2175 δέ
1140 2117 1191 2174 καὶ
1205 2108 1368 2192 προσοχὴν
1386 2111 1475 2191 έργά-

358 2203 451 2278 ζεται,
476 2192 524 2262 ότι
546 2199 650 2262 πολλὰ
673 2197 841 2277 ἀπαγγελεῖ
852 2199 1017 2278 παράδοξα
1033 2214 1054 2277 t,
1073 2214 1102 2264 et
1116 2203 1194 2264 rhet.
1210 2203 1266 2276 111,
1287 2207 1337 2286 16,
1358 2206 1474 2276 1417ε,

360 2294 416 2354 16:
440 2286 554 2368 ἠθικὴν
578 2291 610 2352 δὲ
633 2287 693 2368 χρὴ
717 2285 774 2366 τὴν
797 2289 938 2368 διήγησιν
953 2289 1039 2366 εἶναι,
1064 2294 1117 2372 qui
1132 2303 1242 2367 tamen,
1267 2294 1292 2352 si
1308 2294 1476 2352 accuratius

357 2381 439 2440 iocos
463 2381 690 2459 comparaverit,
715 2381 780 2459 ipse
804 2380 947 2441 concedet
969 2402 1117 2442 consensu
1133 2383 1186 2442 tali
1201 2382 1277 2442 nihil
1291 2382 1422 2462 probari,
1446 2393 1476 2440 et

358 2479 463 2529 contra
486 2469 631 2546 originem
654 2470 883 2549 peripateticam
915 2481 1032 2550 pugnat
1061 2493 1123 2533 vox
1154 2467 1473 2551 προκατασκευάζει.*)

356 2559 518 2618 Praeterea
548 2557 628 2618 idam
656 2559 864 2638 praescribunt
887 2580 911 2621 e.
929 2581 959 2637 g.
984 2559 1045 2625 Cic.
1071 2560 1108 2622 de
1130 2564 1191 2622 inv.
1237 2562 1262 2641 Ι,
1295 2567 1346 2639 21,
1382 2563 1421 2622 70
1444 2569 1474 2619 et

355 2643 564 2728 Thmdoreifi)

446 2735 521 2798 Cum
544 2746 702 2817 praeterea
722 2738 795 2797 dicit
810 2741 995 2813 Aristoteles,
1019 2740 1095 2802 rhet.
1112 2741 1136 2814 Ι,
1155 2744 1184 2812 9,
1205 2740 1327 2815 13671),
1353 2742 1412 2802 29:
1436 2735 1475 2798 τὰ

358 2827 390 2888 δὲ
413 2822 519 2908 κύκλῳ
543 2829 584 2899 είς
606 2830 719 2900 πίστιν,
752 2825 822 2888 οίον
853 2824 987 2906 εὐγένεια
1017 2834 1067 2891 καὶ
1089 2831 1228 2892 παιδεία·
1256 2824 1338 2902 εἰκός
1360 2825 1420 2908 γάρ
1442 2827 1476 2903 ἐξ

360 2910 492 2991 ἀγαθῶν
508 2911 649 2992 ἀγαθοὺς
664 2919 715 2977 καί
731 2912 786 2978 τόν
803 2907 889 2978 οὕτω
905 2919 1061 2996 τραφέντα
1076 2925 1226 2981 τοιοῦτον
1241 2917 1328 2992 εἶναι,
1351 2918 1476 2980 eaodem

357 3007 537 3066 sententiam
560 3007 683 3085 profert,
713 3026 792 3086 quae
815 3010 983 3069 continetur
1007 3010 1097 3069 schol.
1123 3030 1142 3068 α
1158 3014 1236 3070 181:
1265 3005 1316 3070 διὰ
1339 3011 1369 3068 τί
1390 3007 1476 3087 πρῶ-

358 3115 416 3154 τον
439 3093 531 3176 εἶπεν,
564 3086 612 3155 ότι
634 3096 784 3170 βασιλέως
806 3095 873 3170 υἱός
904 3099 962 3171 είμι
993 3095 1052 3160 οὐκ
1083 3089 1187 3173 ἀλλως
1214 3119 1292 3180 πως,
1324 3092 1391 3158 ἀλλ’
1425 3099 1476 3158 ἵνα

358 3179 496 3259 μεγάλου
519 3183 629 3260 γένους
651 3180 806 3264 όπόρχων
827 3187 966 3265 προσέχῃ
989 3184 1027 3248 τόι
1049 3187 1151 3251 λοικά.
1181 3210 1219 3251 m.
1245 3209 1264 3248 α
1277 3190 1354 3250 433:
1380 3193 1476 3249 τοῦτο

357 3268 437 3349 πρὸς
459 3268 498 3334 τό
521 3273 618 3348 δεῖξαι
641 3270 677 3335 τὸ
701 3276 832 3354 σῶφρον
855 3275 888 3336 irc
912 3277 1029 3352 γένους.
1064 3298 1111 3358 eq.
1137 3281 1255 3340 nata:
1287 3279 1338 3338 καί
1361 3275 1394 3336 irc
1417 3297 1475 3337 πα-

358 3362 460 3440 τέρων
481 3357 568 3438 ’έχων
590 3358 689 3425 αὐτόν
711 3363 857 3439 ἐπαινεῖν,
889 3361 949 3426 οὐκ
973 3361 1146 3443 ἀναγκαῖον
1169 3362 1304 3445 ἡγήσατο
1327 3371 1393 3429 κτλ.
1416 3367 1476 3430 ΒΤ.

358 3458 393 3514 Η
403 3455 480 3514 128:
511 3456 697 3527 θαυμασίως
723 3455 776 3531 τῆς
798 3450 949 3532 εὐγενείας
978 3453 1093 3530 αὐτοὺς
1115 3453 1290 3534 ὑπέμνησεν
1320 3461 1386 3516 κτλ.
1411 3456 1474 3516 ΒΤ.

360 3543 540 3622 comparans
565 3547 682 3606 E392:
706 3540 756 3604 διὰ
778 3543 935 3620 μειζόνων
963 3546 996 3606 δὲ
1027 3543 1210 3624 προσώπων
1231 3543 1475 3624 παρεμυθὴσπο

359 3625 416 3708 τὴν
446 3628 638 3711 Ἀφροδίτην.
675 3633 730 3692 ΒΤ
760 3653 827 3694 cnm
850 3634 927 3720 rhet.
952 3636 992 3716 ΙΙ,
1017 3639 1069 3721 23,
1104 3635 1226 3709 laath,
1262 3640 1301 3697 12
1331 3637 1476 3696 rationem

358 3719 440 3780 illam
471 3719 504 3781 ἐκ
533 3727 591 3782 τοῦ
619 3727 742 3795 μᾶλλον
772 3726 823 3784 καί
853 3723 949 3800 ἡττον
978 3726 1112 3806 reperire
1140 3721 1308 3803 videaris.⁶)
1365 3724 1476 3786 Eodem

450 3948 473 4016 ¹)
490 3947 526 4016 ΙΙ,
546 3951 601 4004 374
618 3949 678 4019 Sp.;
698 3951 731 4006 ot.
751 3950 866 4020 Schanz,
885 3953 1012 4023 Hermes,
1033 3955 1112 4026 1990,
1131 3958 1174 4012 47.

449 4019 548 4090 ·)111,
568 4023 584 4074 7
604 4023 712 4089 atsto,
732 4023 747 4076 1
766 4022 800 4079 H.

388 4160 394 4176 .
419 4161 424 4174 1
450 4091 639 4176 ³)Eustathio
664 4109 771 4162 quoque
794 4091 905 4164 διήγησιν
923 4097 972 4153 illa
990 4097 1059 4150 κατὰ
1078 4103 1159 4173 μέρος
1178 4100 1327 4158 decantata
1345 4108 1403 4173 est,
1429 4096 1476 4172 qui

358 4177 471 4219 mmrme
488 4163 669 4220 Aristotelem
689 4165 821 4224 adhibuit.

448 4233 471 4303 ⁴)
490 4235 525 4290 cf.
545 4235 628 4304 intra,
646 4239 662 4306 fi
681 4239 705 4291 3.

450 4307 472 4375 ⁵)
490 4322 570 4363 anon.
591 4307 653 4379 Sag.
673 4311 716 4377 99,
735 4309 771 4378 1⁹,
790 4311 851 4380 369,
872 4314 904 4366 19
924 4314 968 4383 Sp.

373 4449 422 4505 ht
449 4377 478 4504 ΡΙ
492 4379 579 4507 ξραρε
606 4381 790 4449 posteriorum
821 4385 1026 4443 consentientes
1056 4392 1201 4445 enumerat
1229 4387 1358 4461 Spengel,
1389 4389 1474 4446 Arist.

358 4464 429 4507 re.
561 4466 646 4510 ocum.
