3390 5140
709 471 948 530 —107a-

272 650 386 709 tatione
401 645 589 728 reddenda.1)
623 649 702 710 Fere
716 668 901 730 unaquaque
916 658 1014 710 sutem
1031 651 1062 710 in
1078 653 1190 729 pagina
1206 650 1386 712 scholiorum

272 739 421 799 Homerus
444 737 585 798 laudibus
609 739 725 798 tollitur
740 751 859 819 propter
876 741 1027 818 egregiam
1045 741 1229 814 οἰκονομίαν
1244 759 1283 805 sc.
1300 760 1386 821 prop·

271 837 317 890 ter
339 829 509 906 elegantem
538 829 776 907 compositionem
807 830 950 904 poematis
981 830 1105 910 eiusque
1137 833 1275 909 partium,
1308 849 1387 910 quae

271 939 331 979 non
354 938 421 978 raro
445 938 481 978 eo
505 927 633 991 constat,
666 917 746 998 quod
776 938 824 978 res
847 919 905 980 alio
928 918 1032 980 ordine
1054 930 1228 994 narrantur,
1260 929 1289 980 et
1319 939 1386 979 con-

271 1011 448 1085 iunguntur,
473 1028 561 1088 quam
578 1018 743 1087 exspectas.
790 1009 898 1088 Itaque
920 1009 993 1070 mibi
1016 1029 1075 1068 non
1095 1009 1185 1085 plane
1206 1009 1299 1068 falsus
1323 1029 1387 1070 esse

271 1097 386 1170 videor,
415 1118 482 1158 cum
505 1117 540 1157 eo
563 1098 682 1168 inclino,
714 1107 749 1156 ut
771 1117 905 1158 censeam
930 1099 1086 1160 stoicorum
1110 1101 1295 1178 potissimum
1319 1119 1386 1158 auc·

272 1189 392 1249 toritate
415 1207 517 1246 vocem
541 1187 623 1246 illam
646 1189 678 1246 in
700 1187 873 1246 sollemnem
896 1187 979 1247 illum
1003 1208 1089 1248 usum
1113 1190 1239 1252 venisse.

361 1275 535 1356 Sequuntur
561 1283 670 1360 paries
701 1278 867 1344 orationis.
915 1274 1065 1361 Striller2)
1095 1280 1273 1338 monstravit
1302 1298 1341 1337 ne
1369 1298 1388 1336 a

273 1367 373 1427 stoicis
397 1365 515 1446 quidem
540 1364 699 1444 repudiata
722 1385 787 1426 esse
810 1368 936 1428 virtutes
958 1367 1024 1428 illas
1046 1369 1208 1451 prooemii,
1233 1387 1312 1447 quae
1329 1369 1386 1426 iam

274 1456 418 1516 Isocrates
435 1453 632 1531 constituitss),
656 1475 772 1534 nempe,
798 1466 840 1527 nt,
862 1457 914 1536 qni
930 1455 1022 1530 audit,
1048 1467 1189 1530 attentus,
1213 1457 1386 1529 benevolus,

274 1545 375 1605 docilis
391 1539 572 1623 reddatur.4)
606 1545 688 1622 Ergo
704 1546 746 1604 nil
762 1545 870 1622 obstat,
888 1547 1047 1625 quominus
1063 1567 1116 1627 per
1132 1549 1256 1607 stoicum
1276 1547 1387 1604 fontem

272 1636 304 1695 in
327 1635 441 1694 scholia
464 1655 600 1694 manasse
622 1633 846 1707 contendamus,
871 1655 1051 1716 quamquam
1070 1657 1122 1716 pro
1139 1647 1218 1696 certo
1233 1635 1388 1696 venditare

272 1746 332 1784 non
348 1723 453 1802 audeo,
478 1726 556 1784 ι14ι
582 1718 640 1784 ὅσα
663 1717 747 1799 αὔξει
771 1720 828 1802 τὴν
851 1722 1012 1801 προσοχὴν
1027 1727 1222 1801 προσδοκίαν
1237 1724 1386 1798 ἐμποιῶν,

272 1807 349 1892 άπερ
372 1812 433 1874 ἐστί
457 1808 598 1889 τεχνικὸν
622 1809 666 1886 ὥς
688 1812 722 1874 ἐν
743 1818 916 1895 προοιμίῳ·
948 1816 997 1875 δεῖ
1017 1811 1076 1892 γάρ
1099 1811 1184 1890 παρά
1206 1821 1272 1876 των
1296 1809 1388 1874 ἀκου-

272 1902 377 1966 όντων
399 1900 500 1984 ἐαντῴ
523 1904 579 1975 μέν
603 1898 729 1964 εὔνοιαν
752 1901 945 1976 ἐπισπᾶσθαι,
979 1909 1024 1985 τῷ
1052 1905 1085 1965 δέ
1107 1902 1193 1984 λόγῳ
1216 1900 1388 1982 προσοχὴν,

273 1994 325 2052 ίνα
349 1989 484 2064 τὸνμὲν
508 1991 638 2067 λέγοντα
662 1986 887 2067 ἀποδέξωνται,
917 1997 981 2055 των
1010 1995 1043 2054 δὲ
1064 1990 1261 2069 πραγμάτων
1283 1992 1389 2054 ἐπιθυ-

272 2079 391 2159 μήσωσι
415 2077 452 2141 τά
475 2079 636 2157 λεγόμενα,
660 2085 710 2142 καὶ
732 2079 885 2155 μάθωσιν,
911 2077 987 2161 ὅπερ
1012 2077 1049 2144 δι’
1076 2077 1154 2144 dion
1177 2080 1390 2159 κατώρθωκεν

273 2166 431 2242 Ὀδνσσείς
454 2166 567 2232 ἑαυτὸν
589 2172 646 2244 μέν
669 2170 839 2244 ἐπαινέσας,
871 2168 907 2232 τὸ
931 2173 964 2251 δὲ
987 2173 1109 2247 πλῆθος
1131 2175 1183 2232 καί
1205 2167 1263 2248 τὴν
1286 2169 1389 2233 καινά-

273 2282 349 2338 τητα
385 2260 451 2322 τῶν
487 2259 682 2337 πραγμάτων
723 2258 937 2335 ἐνδειξάμενος
975 2263 1068 2338 δηλοῖ
1103 2256 1161 2338 τίγν
1199 2263 1388 2336 προαίρεσιν,

273 2353 323 2410 καὶ
345 2345 446 2411 πάθεν
468 2350 670 2428 παραγένεται
693 2353 743 2412 καί
767 2354 796 2410 τί
817 2348 971 2423 βούλεται,
996 2345 1052 2412 εἶθ’
1072 2345 1176 2422 οὕτως
1194 2353 1244 2411 καί
1268 2347 1307 2410 τά
1329 2352 1389 2422 μεί-

275 2441 367 2515 ζονος
390 2437 555 2517 διηγήσεως
571 2434 714 2518 άρξηται·
739 2433 897 2500 Ἰλιόθεν
919 2461 961 2513 με
985 2439 1118 2517 osonio.
1143 2455 1164 2501 t.
1182 2444 1255 2500 A3:
1272 2443 1391 2516 κίνησιν

273 2526 313 2590 οὐ
336 2523 394 2606 τὴν
416 2535 578 2604 τυχοῦσαν
602 2523 661 2604 ἔχει
686 2524 721 2589 τὸ
744 2533 921 2605 προοίμιον,
946 2531 973 2590 εί
990 2529 1091 2602 μέλλει
1107 2531 1277 2608 διηγεῖσθαι
1293 2524 1390 2591 θανά-

273 2639 348 2692 τους
370 2619 499 2680 πολλῶν
523 2621 663 2694 ἰφθίμων
686 2613 810 2696 ἡρώων.
837 2619 897 2681 ΒΤ.

362 2708 444 2769 Inter
468 2708 561 2768 verba
585 2708 763 2784 Quintiliani
786 2708 840 2784 IV,
860 2712 888 2779 1,
907 2711 962 2769 34:
992 2706 1134 2779 ,docilem
1159 2709 1223 2768 sine
1246 2707 1337 2768 dubio
1360 2718 1391 2766 et

273 2797 349 2857 haec
371 2799 437 2876 ipsa
459 2807 592 2877 praestat
615 2799 749 2876 attentio,
775 2795 878 2857 sedet
901 2796 985 2870 illud,
1010 2799 1035 2856 si
1056 2798 1186 2857 breviter
1209 2807 1238 2856 et
1262 2795 1391 2856 dilucide

275 2907 419 2946 summam
443 2889 496 2962 rei,
528 2886 565 2947 de
589 2907 649 2966 qua
680 2907 860 2965 cognoscere
884 2886 1000 2962 debeat,
1032 2885 1277 2948 indicaverimus:
1310 2883 1391 2965 quod

274 2976 422 3038 Homerus
457 2987 549 3058 atque
579 2977 731 3056 Vergilius
768 2997 892 3056 operum
928 2995 1049 3036 suorum
1080 2977 1233 3055 principiis
1267 2975 1389 3036 iaciunt.

275 3087 346 3126 nam
362 3067 386 3126 is
403 3067 467 3127 eius
483 3068 527 3126 rei
550 3065 654 3127 modus
678 3077 732 3145 est,
756 3075 790 3126 ut
813 3067 1005 3146 propositioni
1027 3066 1149 3125 similior
1171 3066 1208 3126 sit
1229 3084 1318 3144 quam
1342 3084 1391 3124 ex·

275 3157 425 3236 positioni,
449 3176 505 3216 nee
529 3177 588 3237 quo
611 3153 698 3216 modo
721 3154 857 3237 quidque
880 3157 1043 3232 sitantum,
1068 3154 1121 3214 sed
1145 3154 1182 3214 de
1206 3155 1316 3235 quibus
1333 3151 1391 3213 dic·

275 3255 360 3305 turus
376 3248 416 3305 sit
435 3255 534 3306 orator
557 3243 753 3323 ostendat,⁶)“
779 3244 940 3304 similitudo
964 3244 1122 3305 intercedit
1145 3266 1211 3305 eum
1235 3245 1288 3314 eis,
1313 3263 1392 3323 quae

274 3335 404 3412 legimus
427 3335 464 3395 ed
488 3341 514 3398 Α
534 3341 565 3398 1:
599 3331 692 3414 ἀρετὴ
716 3335 749 3396 δὲ
770 3330 1009 3413 προοιμιαστικὴ
1030 3329 1314 3414 παραλαμβάνεινθ)
1334 3326 1391 3408 τὴν

368 3564 389 3626 ¹)
409 3563 444 3618 cf.
462 3563 624 3628 Volkmann,
643 3566 697 3618 364
715 3568 744 3618 et
764 3563 881 3629 Striller,
900 3567 935 3617 36
954 3564 1015 3618 adn.
1036 3563 1083 3630 qni
1102 3562 1257 3628 affirmant,
1280 3560 1392 3614 ubicun-

278 3650 330 3702 qne
348 3633 558 3772 ilpplbipaptssitio
578 3641 715 3702 occurrat,
735 3635 768 3689 de
788 3634 938 3691 stoicorum
956 3634 1112 3704 praeceptis
1126 3649 1187 3690 esse
1205 3631 1392 3703 cogitandum.

368 3777 378 3810 θ

366 3779 390 3918 ⁴3
408 3777 832 3917 lludeiffieoleqdoyd'ell'rdium
846 3850 954 3904 omnino
969 3849 1060 3904 omitti
1072 3848 1164 3932 iussit,
1178 3847 1202 3903 si
1214 3846 1268 3900 iam
1281 3844 1394 3913 benigni

277 3926 351 3984 sunt,
372 3921 444 4046 aplpd
464 3936 531 4045 qpfios
549 3922 713 4007 loquendum
734 3921 905 4046 est,bThiolo
924 3921 1149 4047 ilprodctplpgerit
1167 3938 1193 3990 p.
1210 3920 1262 3973 114
1279 3916 1393 3972 Herma-

277 4009 390 4134 ἕοΙἭῺι)
409 4010 443 4118 ol.
459 4009 978 4132 pupprpnpnppppptippppppnasxse,lpa4gs:
1004 4009 1057 4126 illusi
1072 4009 1148 4118 oiero
1170 4063 1272 4117 nonin
1291 4062 1394 4146 utrius.

280 4152 331 4204 que
351 4135 442 4205 operis
462 4135 504 4190 sui
529 4135 656 4205 ingressu
681 4137 708 4190 in
733 4135 906 4218 paucissimis
929 4135 1056 4192 versibus
1081 4136 1177 4218 legem·
1195 4149 1394 4218 prooemiorum

280 4222 335 4261 non
354 4209 414 4262 diro
434 4207 567 4270 servavit,
587 4207 634 4261 sed
654 4206 818 4262 constitum?
842 4224 903 4261 nam
926 4206 1089 4262 benevolum
1114 4206 1266 4261 auditorem
1285 4221 1394 4261 invoce-

281 4277 355 4334 tione
374 4279 495 4340 dearum.
516 4295 584 4345 quos
601 4280 759 4348 praesidere
778 4278 890 4334 vatibus
903 4279 1032 4342 creditur,
1052 4283 1081 4333 et
1098 4278 1235 4332 intentum
1252 4277 1393 4360 proposita

281 4364 372 4405 rernm
390 4351 581 4422 magnitudine
600 4356 630 4406 et
648 4349 762 4406 docilem
781 4367 886 4406 summa
904 4350 1033 4406 celeriter
1052 4364 1212 4432 comprensa
1230 4348 1305 4405 tacit.

371 4421 394 4492 ⁶)
412 4425 604 4496 πραοιμιαοτοῦ
623 4427 654 4480 et
670 4419 865 4496 περιλαμβάνει
884 4424 947 4496 eod;
967 4437 1082 4478 correxl.
