3390 5140
665 472 885 532 ‚83-

217 647 303 710 modo
325 649 384 709 sibi
406 647 587 728 respondent
609 647 684 709 rhet.
708 649 766 729 Ill,
795 653 846 724 11,
877 652 998 732 1413α,
1029 653 1084 710 29:
1109 651 1164 709 είσί
1187 649 1220 710 et
1242 643 1333 727 ὑπερ-

216 740 308 812 βολαὶ
330 734 558 817 μειρακιώδεις·
581 735 781 816 σφοδρότητα
800 735 860 817 γὰρ
883 739 1045 816 δηλοῦσιν·
1069 734 1117 800 διδ
1134 735 1332 816 ὀργιζόμενοι

217 827 341 904 λέγουσι
363 824 512 902 μάλιστα·
538 823 619 888 οὐδ’
645 825 680 888 εί
698 848 761 901 μοι
792 824 884 888 τόσα
916 828 996 904 δοίη
1019 832 1087 889 κτλ.
1112 824 1332 911 (lese-ee),

216 927 247 977 et
274 919 388 980 1379:
427 919 582 990 πλείσταις
615 912 802 995 ὑπερβολαῖς
835 914 943 993 λόγων
973 913 1122 979 εἰώθασιν
1152 917 1183 978 ot
1213 913 1333 997 ὀργιζό-

216 1027 304 1080 μενοι
326 1007 469 1086 χρησδαι.
492 1007 555 1067 ΒΤ.
603 1006 689 1083 Quae
705 1018 806 1068 tamen
829 1008 978 1068 nonsatis
993 1008 1099 1084 gravia
1122 1017 1200 1089 sunt,
1224 1007 1334 1088 quibus

217 1103 419 1170 commovear,
453 1107 489 1156 ut
520 1099 618 1157 minus
648 1106 735 1158 caute
770 1116 858 1176 egem
895 1098 928 1156 in
963 1095 1124 1157 statuenda
1156 1099 1335 1176 cognatione

217 1187 295 1246 inter
311 1186 502 1248 Aristotelem
525 1195 555 1248 et
578 1187 699 1260 scholia,
724 1207 791 1248 eum
815 1187 901 1248 nimis
924 1207 992 1247 rare
1014 1189 1094 1246 inter
1115 1195 1335 1266 seeengruunt

217 1296 316 1357 neque
347 1286 428 1339 certa
450 1276 561 1337 indicia
584 1285 717 1350 exstent,
750 1276 863 1337 scholia
886 1297 924 1336 ex
946 1275 1108 1337 Aristotele
1130 1275 1238 1336 hausta
1260 1295 1332 1337 esse.

306 1367 457 1446 Apparuit
487 1385 559 1443 erge
590 1386 638 1426 res
669 1369 741 1426 satis
772 1367 855 1427 mira.
918 1366 1055 1435 Nullum
1094 1372 1214 1433 certem
1249 1367 1334 1433 testi·

216 1457 363 1524 monium
386 1462 488 1524 esstct
519 1456 561 1524 οδ
582 1456 757 1524 doetininri
787 1457 887 1524 totins
910 1457 1062 1524 Graeciae
1083 1456 1149 1522 siri
1166 1462 1335 1541 praecepto

217 1551 474 1614 commentatores
503 1547 542 1612 in
572 1545 700 1612 scholiis
727 1546 896 1613 rhetoricis
923 1547 965 1613 od
987 1545 1163 1613 Homerum
1185 1567 1219 1612 se
1240 1545 1333 1630 αδαμ

216 1636 345 1711 iusisse,
371 1655 553 1716 quamquam
579 1635 631 1696 ille
661 1637 692 1695 in
724 1645 789 1696 arte
819 1656 875 1698 sua
897 1635 1044 1696 rhetorica
1068 1635 1230 1696 Homerum
1253 1634 1335 1695 haud
1367 1689 1369 1692 .

216 1745 284 1788 rore
307 1745 354 1786 res
378 1726 450 1784 exit.

305 1746 398 1875 [miso
426 1820 517 1893 senet,
547 1835 628 1898 quoe
650 1815 820 1883 sententiis
841 1813 1023 1881 Aristotelis
1045 1820 1238 1919 repnqnqnt·
1285 1812 1334 1874 Sic

217 1924 242 1966 e.
268 1924 297 1981 g.
323 1904 413 1983 plane
437 1923 503 1964 oum
527 1904 689 1964 Aristotele
712 1903 847 1965 dissentit
869 1907 898 1962 ΙΙ
913 1907 946 1966 9:
977 1903 1074 1963 τοῦτο
1102 1923 1138 1963 το
1162 1903 1244 1976 είδος
1271 1900 1334 1980 διή-

216 2007 301 2070 γησις
323 1992 462 2068 λέγεται·
480 2004 561 2070 τρεῖς
583 1994 617 2055 δὲ
640 1988 745 2070 ἀρεταί
767 1989 949 2072 διηγήσεως,
979 1989 1142 2069 σαφήνεια,
1173 1995 1333 2065 συντομία,

215 2078 389 2159 πιθανότης
418 2087 486 2143 κτλ.
533 2082 680 2166 ABDG1
692 2080 756 2162 T.¹)
813 2082 902 2157 Quod
937 2081 1081 2142 scholium
1112 2085 1221 2163 repetit
1250 2101 1335 2162 prae·

217 2181 351 2252 ceptum,
380 2171 461 2253 quod
491 2172 612 2251 plurimi
642 2181 833 2252 receperunt,
862 2172 1001 2232 Isocratis
1024 2170 1061 2233 ds
1084 2171 1245 2232 virtutibus
1268 2191 1334 2232 nar·

216 2261 349 2324 rationis.
394 2263 507 2322 Auster
529 2261 610 2321 illius
633 2261 710 2340 legis
733 2269 847 2322 constat
870 2281 909 2321 ex
923 2261 1026 2337 Quint.
1043 2261 1098 2336 1v,
1117 2264 1145 2336 2,
1165 2264 1222 2322 31:
1251 2280 1334 2334 „eam

216 2349 270 2428 (se.
294 2346 509 2433 narrationem)
540 2351 678 2431 plerique
707 2352 867 2430 scriptores
897 2353 1087 2431 maximeque
1118 2351 1172 2432 qui
1199 2358 1269 2412 sunt
1296 2350 1335 2410 ab

215 2439 347 2501 Isocrate
375 2441 480 2502 volunt
507 2459 573 2500 esse
604 2439 748 2512 lucidam,
782 2441 917 2515 brevem,
949 2435 1202 2524 verisimilem.“²)
1248 2440 1335 2500 Hanc

215 2539 315 2590 autern
339 2549 472 2590 normam
496 2530 686 2590 Aristotelem
709 2530 838 2590 irrisisse
861 2528 1001 2590 discimus
1024 2549 1063 2589 ex
1090 2528 1167 2590 rhet.
1191 2530 1252 2603 III,
1284 2533 1334 2602 16,

217 2622 301 2682 1416
327 2619 360 2697 b,
387 2624 444 2693 30,
474 2621 525 2679 ubi
549 2616 621 2679 dicit
642 2619 830 2696 malignitate
854 2619 984 2699 quadam
1006 2618 1099 2678 verbo
1122 2617 1280 2693 σύντομον
1303 2620 1335 2680 in

215 2720 343 2783 ταχεῖαν
373 2719 501 2772 mutate:
533 2713 593 2770 νῦν
621 2709 653 2768 δὲ
677 2711 807 2784 γελοίως
830 2705 886 2786 τὴν
909 2706 1045 2786 διήγησίν
1068 2721 1142 2783 φασι
1165 2709 1232 2770 δεῖν
1255 2705 1333 2770 εἶναι

215 2794 382 2876 ταχεῖαν.3)
1036 2799 1038 2803 ’

303 2888 396 2947 Porro
419 2888 538 2948 minime
562 2887 601 2948 eb
625 2888 786 2950 Aristotele
814 2888 967 2968 protectae
994 2907 1060 2948 esee
1093 2896 1217 2968 pessunt
1244 2885 1333 2948 adne-

215 2979 342 3039 tatienes
365 2975 523 3038 eiusmodi:
554 2979 673 3038 3233:
697 2972 766 3050 μεθ’
792 2971 986 3055 ὑποκρίσεως
1009 2971 1238 3056 ἀντιπαρέθηκε
1256 2973 1336 3055 πρὸς

215 3063 456 3146 ἀγανάκτησιν4)
497 3061 535 3126 τὰ
568 3063 723 3140 ὀνόματα,
764 3066 941 3143 ἐμφαίνων,
978 3061 1025 3128 ὅτι
1061 3062 1118 3128 τίαν
1152 3060 1281 3146 dotores
1316 3062 1334 3126 ὁ

214 3155 370 3233 αἴσχιστος
397 3151 553 3232 ὠνείδιζεν
567 3147 580 3191 ·’
598 3150 691 3235 ἠθικὴ
722 3149 814 3237 οὖνῡ)
843 3151 930 3218 ἐ’σται
953 3152 971 3233 ἡ
995 3151 1179 3232 ἀνάγνωσις.
1227 3157 1333 3217 AB'P.

216 3247 329 3322 §2782
358 3247 569 3321 βεβαιωτικως
592 3241 821 3322 ἀναγνωστέον.
853 3247 883 3310 h.
930 3245 1074 3328 Spectant
1101 3248 1179 3308 enim
1201 3246 1272 3306 illae
1295 3243 1334 3306 sd

214 3338 499 3417 pronuntiationem,
532 3356 621 3416 quem
645 3357 745 3418 neque
771 3347 860 3397 antea
882 3345 1041 3396 tractatam
1064 3356 1129 3398 esse
1159 3338 1191 3396 in
1218 3334 1334 3395 artibus

215 3445 313 3506 neque
336 3428 434 3506 ipsum
457 3437 587 3487 tractare
609 3428 641 3486 in
665 3429 764 3486 animo
788 3426 900 3486 habere
916 3425 1050 3487 declarat
1065 3425 1241 3488 Aristoteles
1256 3424 1332 3487 rhet.

214 3514 271 3589 Ill,
292 3521 319 3590 1,
347 3517 430 3577 1403
452 3516 482 3589 b,
508 3518 549 3578 20
567 3536 632 3596 sqq.
678 3517 796 3576 Primus
819 3515 857 3576 de
880 3513 999 3595 agenda
1023 3517 1157 3576 oratione
1180 3515 1334 3596 scripsisse

214 3603 333 3664 videtur
347 3604 582 3680 Theophrastus.
627 3605 721 3666 Immo
744 3605 794 3665 vel
816 3617 921 3665 auctor
943 3604 982 3664 ad
998 3605 1183 3665 Herennium
1200 3604 1256 3682 111,
1282 3610 1318 3666 11
1325 3651 1333 3680 ,

217 3697 256 3756 19
282 3694 437 3756 confitetur
460 3714 498 3754 ne
521 3697 582 3756 suis
610 3693 732 3774 quidem
759 3695 944 3776 temporibus
969 3713 1151 3775 quemqnam
1175 3693 1335 3773 diligenter

215 3783 252 3844 de
276 3803 313 3844 ea
335 3781 549 3866 exposuisse.⁰)

305 3997 327 4065 ¹)
345 3995 422 4051 Idam
441 3993 471 4049 in
490 3995 526 4056 G,
546 3995 582 4050 ad
600 3998 625 4048 A
638 3999 663 4052 7.

304 4068 328 4138 ²)
346 4068 380 4124 ct.
404 4067 438 4123 D.
457 4066 492 4122 Η.
516 4066 550 4122 da
572 4067 637 4136 Lys.
658 4069 700 4137 le,
723 4071 775 4123 492
795 4068 843 4137 R.;
871 4068 905 4124 de
924 4067 994 4123 adm.
1018 4066 1048 4122 vi
1067 4064 1118 4122 dio.
1138 4065 1168 4122 iu
1186 4065 1264 4122 Dem.
1289 4066 1332 4132 θλ,

216 4141 285 4196 10θῖ
302 4141 382 4317 {iet
402 4211 489 4279 Quint
506 4210 556 4279 IV,
576 4213 600 4278 2,
620 4212 667 4280 323
688 4227 769 4268 anon.
789 4210 853 4280 Seg.
873 4211 924 4267 102
944 4227 993 4279 sq,
1014 4209 1048 4279 11,
1068 4209 1130 4280 370,
1148 4211 1166 4265 9
1185 4209 1230 4279 sp.

304 4285 328 4425 ’δὲ
346 4299 398 4408 iffi·
409 4283 491 4408 τῖδτο
510 4351 559 4408 οὖν
577 4355 609 4410 Β.

304 4427 327 4499 ⁰)
346 4429 380 4483 ef.
399 4428 564 4496 Volkmann,
583 4427 665 4495 rhet,
684 4429 726 4494 29,
746 4427 875 4498 Spengel,
894 4425 1032 4495 συναγωγή
1050 4426 1162 4493 τεχνῶν,
1183 4425 1224 4480 to.

1138 4534 1171 4586 6*
