3356 5150
640 465 858 524 ...gp-

278 643 418 706 Proxima
440 643 510 703 idea
533 640 572 702 ad
595 639 789 703 exercendam
812 651 906 700 artem
929 642 1090 700 oratorium
1104 642 1227 701 maximi
1242 663 1304 702 mo·

190 737 354 798 mentiost.
400 733 609 794 Necessarium
624 732 704 791 enim
719 741 774 806 est,
798 729 907 797 oratori
921 731 1020 790 inesse
1042 730 1214 791 facultatem
1236 751 1305 791 cou-

189 823 329 884 vincendi
359 821 511 884 auditores
534 840 696 900 corumque
726 818 928 880 inflammandi
958 821 1082 894 animos,
1114 841 1204 901 quam
1231 840 1305 882 voce

189 908 268 990 ἦθος
289 915 459 990 significare
480 907 644 989 solemus.¹)

188 995 494 1070 —Ditficillimum
516 1020 615 1068 autem
639 1017 686 1068 est
709 1007 746 1067 de
769 1029 806 1069 ea
827 1009 939 1069 virtute
962 1027 1112 1088 exponere
1136 1017 1303 1088 propterea,

190 1099 271 1182 quod
302 1099 507 1177 Hermogenes
535 1097 650 1178 duplex
680 1097 839 1176 distinguit
867 1091 958 1175 ἦθος,
991 1097 1048 1157 hoc
1078 1116 1200 1178 quoque
1230 1098 1304 1178 loco,

190 1209 252 1270 qua
276 1190 360 1262 solet,
384 1189 650 1267 elegantiamque
673 1187 840 1248 subtilitate
862 1186 965 1247 iudicii
988 1186 1104 1259 ductus,
1135 1188 1305 1246 universale¹

191 1291 222 1340 et
246 1279 434 1358 particulare.
480 1276 558 1337 Illud
582 1277 640 1337 hoc
655 1275 740 1337 modo
757 1272 942 1360 describitzl)
967 1276 1047 1352 λέγω
1071 1273 1131 1352 γὰρ
1153 1270 1231 1353 ἦθος
1246 1281 1306 1336 otio

191 1365 252 1443 οὐχ
276 1362 382 1440 ἅπλῶς
404 1365 617 1439 τοῦτομόνον
640 1361 676 1426 τὸ
692 1361 730 1427 δι’
750 1360 828 1427 ὅλου
844 1372 903 1427 τοῦ
925 1363 1024 1441 λόγου
1041 1360 1217 1442 ἀναγκαίως
1231 1361 1306 1440 ἔχου

190 1455 402 1532 ἐμφαίνεσθαι,
434 1459 603 1533 καθαπερεί
633 1452 779 1530 σώματος
808 1462 920 1532 χρῶμα
944 1501 951 1516 .
971 1499 1003 1515 ..
1027 1453 1127 1516 ἐκεῖνο
1157 1455 1215 1527 μὲν
1245 1449 1306 1530 γὰρ

190 1546 310 1623 γένοιτο
334 1539 386 1619 ἂν,
416 1547 443 1607 εί
471 1556 536 1616 τοῖς
558 1541 770 1618 ὑποκειμένοις
797 1543 980 1622 προσώποις
1006 1545 1138 1618 οἰκείους
1160 1546 1212 1604 καί
1233 1543 1305 1621 πρέ-

190 1655 307 1709 ποντας
329 1630 403 1709 τοὺς
425 1632 540 1710 λόγους
554 1631 718 1710 περιάπτοι
733 1655 786 1707 τις,
811 1631 880 1695 οἷον
896 1647 1088 1713 στρατηγοῖς,
1113 1626 1131 1710 ἢ
1147 1631 1304 1712 ῥήτορσιν,

190 1717 297 1803 ἢτοῖς
326 1727 415 1797 ἰδίοις
446 1719 669 1796 evocaremus
698 1718 828 1801 ἠθικοῖς,
861 1720 930 1785 οῑου
959 1726 1078 1798 λίχνοις
1109 1715 1306 1800 ἢόειλοῖςῆ

188 1811 392 1892 φιλαργύροις
422 1809 529 1890 ἢτοῖς
551 1808 713 1884 τοιούτοις.
759 1811 840 1870 Huic
863 1814 988 1891 opponit
1010 1811 1102 1884 aliud,
1133 1811 1213 1891 quod
1243 1814 1307 1872 eius

188 1905 280 1964 solius
310 1903 465 1982 proprium
488 1915 541 1972 cst,
573 1903 657 1960 cuius
687 1909 789 1980 aptam
820 1899 1021 1960 definitionem
1051 1903 1186 1961 invenire
1215 1903 1307 1960 tontis

190 1991 346 2053 laboribus
369 1991 495 2069 laborat,
527 1999 562 2049 ut
584 1991 649 2070 ipse
672 1988 817 2070 desperet,
849 1991 913 2050 eius
936 1983 1073 2050 naturam
1095 1999 1235 2050 accurate
1258 1990 1306 2050 de-

189 2075 354 2162 scribere⁸)
377 2079 580 2159 lectoremque
603 2089 676 2155 orat,
700 2095 736 2139 ut
758 2081 823 2160 ipse
845 2079 903 2138 sibi
927 2100 965 2139 ex
983 2079 1110 2156 singulis
1133 2077 1220 2140 ideae
1242 2099 1307 2160 spe·

191 2169 293 2228 ciebus
315 2169 476 2247 imaginem
500 2170 642 2228 orationis
664 2179 798 2230 moratae
820 2171 919 2230 auimo
942 2166 1077 2253 fingat.⁴)

279 2258 412 2319 Priorem
442 2259 525 2318 illam
554 2260 703 2319 notionem
725 2260 910 2337 Hermogeni
936 2279 1002 2319 esse
1024 2278 1208 2320 communem
1239 2279 1307 2318 cum

190 2348 328 2408 omnibus
349 2347 527 2421 rhetoribus,
551 2351 611 2408 iam
631 2347 702 2407 inde
717 2349 756 2408 ab
772 2349 942 2410 Aristotelis
957 2349 1151 2429 temporibus,
1175 2358 1305 2426 nonest,

191 2436 270 2517 quod
293 2433 468 2514 moneam.⁶)
506 2437 668 2498 Praeterea
687 2439 754 2497 roci
772 2431 833 2516 ἢθη
854 2440 933 2498 notio
956 2440 1033 2498 inest
1056 2437 1196 2498 vocabuli
1216 2439 1308 2498 nostri

189 2527 332 2587 sermonis
353 2526 546 2602 Charalstere,
571 2548 632 2607 quc
654 2547 743 2588 sensu
765 2529 923 2589 sescenties
945 2529 979 2586 iu
1002 2527 1131 2610 scholiis,
1155 2547 1234 2608 quse
1257 2549 1307 2587 ex·

189 2628 268 2676 stunt
290 2615 329 2677 ad
344 2617 507 2677 Homerum
524 2617 607 2677 etad
623 2619 763 2697 tragicos,
787 2627 961 2697 usurpatur.
999 2618 1066 2677 Hac
1084 2620 1179 2693 igitur
1194 2617 1307 2697 duplici

191 2725 228 2765 cx
251 2725 344 2766 causa
365 2707 398 2765 in
420 2706 540 2766 scholiis
567 2708 741 2787 saepissime
769 2707 862 2767 oculis
890 2707 1101 2787 perlustrantis
1131 2707 1250 2766 obviam
1273 2707 1308 2765 fit

191 2788 277 2870 ἦθος,
302 2789 429 2874 ἠθικῶς,
454 2797 573 2870 similia,
598 2809 689 2877 atque
705 2817 744 2856 ex
759 2795 819 2855 illis
834 2797 865 2856 in
880 2796 1070 2856 Eustathium
1086 2796 1206 2856 influxit
1227 2789 1307 2873 ἦθος

193 2882 298 2944 eadem
321 2883 434 2964 duplici
456 2887 684 2963 significatione.
728 2887 836 2965 Itaque
856 2887 908 2946 vix
927 2905 1112 2967 unoquoque
1128 2886 1192 2947 loco
1208 2894 1307 2966 potest

190 3036 272 3042 -—-—
278 3033 399 3044 ——————-¹

281 3121 302 3190 ¹)
320 3121 358 3187 H,
377 3123 430 3175 350
448 3138 506 3191 sqq.
527 3121 571 3192 Sp.

280 3192 437 3262 ¹)11‚350,
458 3195 504 3264 10;
525 3197 566 3249 15.
587 3195 631 3263 Sp.

280 3263 401 3334 n>Haud
425 3265 497 3320 mele
516 3264 671 3334 Bcumgsrt
693 3265 710 3320 l.
729 3265 747 3318 l.
772 3267 823 3319 199
833 3265 928 3335 „dicitz
953 3265 1017 3334 ,leh
1038 3261 1109 3320 habe
1133 3265 1216 3320 schou
1236 3265 1305 3320 obeu

190 3335 290 3390 darauf
305 3336 503 3406 hingswiessm
523 3338 587 3392 dsss
607 3337 668 3392 eine
681 3337 814 3392 deutsche
827 3337 1023 3405 Ubersetaung
1041 3337 1089 3390 des
1102 3335 1217 3392 Wortes
1229 3337 1305 3390 nicht

100 3405 105 3412 ’
188 3406 314 3462 thnulich
328 3409 476 3471 erscheiut,
489 3408 546 3462 und
556 3409 621 3464 dass
630 3409 674 3463 die
685 3409 850 3464 Ausdrdcke
859 3408 1081 3475 Indiuiduelitdt,
1095 3407 1305 3478 Suhjelstivittt,

188 3478 408 3534 Persduliehkeit
428 3480 476 3534 der
494 3480 571 3536 llede
591 3481 644 3534 mir
667 3482 737 3534 noch
756 3496 800 3534 sm
819 3482 932 3536 chester
953 3481 1005 3536 deu
1025 3479 1136 3548 Begriff
1155 3479 1304 3536 wiederau·

188 3547 277 3618 geben
292 3549 427 3616 schemen,
442 3551 477 3604 da
491 3551 539 3604 das
554 3551 743 3606 Gemeinsame
756 3552 826 3606 ullor
839 3553 888 3607 der
901 3549 1191 3621 verschiedeuartigeu
1204 3550 1305 3605 Uuter·

188 3620 369 3684 ahteilungcn
389 3621 436 3676 des
448 3622 536 3678 Ethos
556 3623 634 3676 darin
654 3624 773 3687 besteht‚
793 3624 857 3678 dass
877 3625 963 3680 durch
980 3624 1031 3679 deu
1049 3622 1136 3692 grado
1149 3623 1305 3691 vorliegcn·

189 3692 242 3746 deu
256 3690 329 3746 Stoil
346 3705 484 3760 angeregt
502 3694 546 3749 die
564 3695 660 3749 iuuere
673 3695 846 3763 persduliche
858 3695 1003 3765 Eigenart,
1023 3695 1067 3750 die
1081 3695 1202 3749 sittliche
1215 3693 1305 3748 Natur

188 3764 236 3819 des
248 3762 398 3818 Redenden
416 3763 583 3820 hervortritt
600 3766 659 3820 und
677 3766 726 3821 der
738 3766 815 3822 Rode
833 3769 921 3822 nebcu
937 3767 1025 3822 ihrem
1044 3766 1199 3820 sschlicheu
1212 3765 1306 3820 Inhult

188 3836 257 3890 noch
276 3833 337 3890 eine
357 3834 508 3890 besondere
525 3837 657 3906 F'rtrbuug
674 3838 821 3894 verleiht“.

276 3906 299 3975 ⁴)
318 3906 360 3970 H,
379 3908 444 3971 351,
467 3907 563 3978 dsp:
592 3912 755 3981 σαφέστερον
773 3907 802 3960 di
826 3913 869 3960 sal
893 3910 975 3960 τοῦτο
999 3913 1059 3982 περὶ
1081 3909 1190 3975 ἑκάστης
1213 3908 1305 3960 αὐτῶν

188 3975 309 4046 λέγοντες
327 3973 510 4044 ίυδειξόμεθα.

276 4051 299 4120 ⁶)
317 4049 480 4104 Aristarcho
499 4049 552 4104 ism
572 4048 641 4116 ἦθος
654 4057 683 4107 et
695 4051 798 4119 ἠθικῶς
809 4069 864 4106 non
876 4052 973 4122 ignoto
985 4051 1072 4108 fuisse
1085 4057 1227 4108 testentur
1240 4066 1262 4105 e.
1276 4068 1304 4118 g.

188 4119 362 4177 Aristonicus
388 4121 423 4176 ed
445 4140 462 4190 γ
485 4123 538 4176 248
562 4122 700 4192 (Eustath.
726 4126 806 4189 1464)
831 4135 861 4177 et
879 4123 999 4178 Nicanor
1023 4123 1058 4178 ed
1082 4127 1107 4174 A
1126 4127 1192 4188 234,
1221 4124 1303 4189 1⁷57,

190 4193 222 4241 Π
240 4195 306 4260 tut,
330 4195 355 4242 Σ
373 4195 432 4248 101.
469 4192 634 4249 Eustochius
657 4213 684 4264 p.
703 4199 722 4250 4
746 4205 776 4251 et
795 4196 863 4250 lere
888 4194 1039 4262 Odyssean
1063 4193 1236 4265 ἠθικωτίραν
1259 4193 1304 4248 de·

190 4263 295 4319 claraus
308 4280 390 4332 quam
403 4264 519 4328 Iliadem
528 4265 690 4322 Aristotelis
704 4267 873 4324 seutentiam
883 4275 956 4334 poet.
974 4270 1017 4334 24,
1029 4269 1097 4321 1459
1107 4267 1133 4333 b,
1145 4269 1177 4320 13
1190 4264 1304 4334 repetit,

190 4333 233 4455 {2ss
251 4335 454 4424 Hermogenem
472 4335 618 4405 admiscet,
644 4354 705 4393 cum
723 4339 810 4394 adicit
828 4339 843 4390 ὅ
861 4340 932 4390 ἐστιν
954 4335 1104 4409 γλυκυτέρα
1129 4357 1158 4388 τε
1178 4341 1222 4388 καὶ
1239 4335 1303 4406 ἀφι-

218 4423 303 4477 mea.
