3390 5140
587 447 931 528 '-1oa-

255 645 367 714 maiora
389 643 536 706 beneficia
551 644 696 707 'daturam
720 665 784 708 esse
807 649 898 710 ε130
924 665 968 729 sq.
994 649 1031 710 ci.
1057 647 1148 712 schol.
1175 657 1208 712 ta
1233 642 1293 729 δρα
1315 647 1373 728 τὴν

256 737 477 812 δικαιολογίαν,
503 726 559 818 δτι,
585 731 623 798 ὃν
639 731 749 810 duona,
774 739 833 810 είμί
857 737 958 799 δικαία
979 739 1097 801 τοῦτον
1112 739 1262 816 κατέχειν,
1285 735 1374 815 ὑμεῖς

255 827 289 886 δὲ
311 827 545 904 διαφθείραντες
567 820 671 899 tatus
691 823 903 900 ἐβουλεύεσθε.

343 917 450 995 Aeque
473 917 567 976 oratio
592 915 715 976 Achillis
738 919 840 978 Atto
865 937 932 998 sqq.
957 919 1160 994 δικαιολογίαΔ
1181 929 1304 980 vocatur
1335 917 1373 980 ad

254 1025 297 1068 vs.
325 1009 399 1068 158:
424 1000 540 1080 μεταξὺ
562 1005 614 1082 τῆς
637 1007 844 1082 δικαιολογίας
874 1004 1009 1085 ἐντίθησι
1039 1005 1078 1068 τὸ
1102 1002 1212 1083 ίίτιιιον
1236 1013 1292 1070 τοῦ
1315 1013 1372 1070 θν-

254 1099 317 1168 μοῦ
348 1089 402 1168 τὰς
430 1098 624 1173 βλασφημίας
653 1100 938 1174 παραφρονοῦντος.
963 1097 1030 1179 BT,
1062 1098 1116 1157 ubi
1140 1101 1372 1175 Agamemnonis

255 1183 457 1264 opprobrium,
487 1186 539 1264 qui
563 1205 630 1246 eum
651 1186 801 1254 ,avaritiae
829 1195 921 1266 atqua
945 1185 1006 1247 doli
1030 1198 1232 1268 accusaverat,
1264 1189 1373 1249 refutat

255 1293 300 1346 eo,
326 1273 405 1354 quod
429 1273 618 1356 demonstrat,
641 1283 756 1355 quanta
779 1295 897 1357 semper
916 1276 1008 1336 fuerit
1030 1279 1265 1358 aequanimitate
1281 1288 1372 1359 atque

254 1360 416 1445 modestia,
451 1381 634 1445 quamquam
664 1366 695 1423 in
727 1365 805 1426 bello
837 1385 954 1447 sempor
985 1367 1129 1427 maximos
1158 1368 1276 1428 labores
1307 1387 1372 1428 aus·

256 1454 375 1533 ceperit.

343 1541 456 1602 Eodem
479 1543 566 1604 modo
588 1547 685 1606 1309
704 1543 829 1604 Achillis
853 1545 959 1606 fuisset
980 1564 1045 1605 ase
1069 1545 1187 1626 eulpam
1203 1545 1371 1621 demovere,

256 1653 323 1696 oum
346 1633 377 1692 in
400 1651 467 1693 eum
492 1631 678 1693 crudelitatis
701 1635 814 1694 crimen
829 1635 936 1696 Ulixes
951 1634 1071 1710 lagatus
1095 1638 1210 1709 missus,
1236 1637 1372 1716 quicum

254 1723 404 1805 placaret,
419 1743 421 1750 ·
436 1723 623 1796 contulisset,
655 1724 830 1804 priusquam
860 1725 893 1782 in
921 1726 1177 1801 Agamemnonem
1207 1725 1372 1790 inveheret.

255 1810 342 1888 Quod
359 1832 426 1871 eum
444 1814 577 1872 omisisse
596 1813 642 1873 ira
662 1823 754 1893 atque
770 1812 838 1872 odio
854 1813 1070 1874 inflammatum
1086 1817 1197 1893 optime
1213 1813 1374 1874 scholiasta

253 1903 421 1982 perspexit:
454 1899 573 1977 γυμνός
600 1901 684 1968 ἐστιν
711 1897 776 1964 ὑπὸ
800 1899 886 1982 criel)
912 1897 1007 1980 ὀργῆς
1030 1905 1081 1964 καί
1103 1899 1292 1982 περιπλοκὰς
1315 1899 1373 1965 οὐκ

255 1989 320 2052 οίδε
350 1986 476 2066 λόγων.
501 1987 560 2054 ἔδει
591 1988 651 2070 γὰρ
680 1993 843 2070 πρῶτονῖ)
875 1994 1152 2069 δικαιολογεῖσθαι,
1185 1990 1240 2054 εἴθ’
1271 1983 1374 2066 adamo

255 2077 312 2158 τὴν
335 2075 495 2156 ἀπόφασιν
517 2079 727 2160 ἐπαγαγεῖν,3)
757 2077 775 2142 δ
798 2083 833 2143 δὲ
857 2076 1045 2144 τούναντίον
1067 2081 1204 2161 ποιεῖ4)·
1228 2080 1290 2144 ἔστι
1313 2080 1372 2161 γὰρ

254 2167 357 2245 θνμὸς
378 2167 489 2243 μεστὸς
512 2166 692 2249 ἀκοσμήτον
713 2175 886 2250 παρρησίας
908 2165 1001 2234 κτλ..
1020 2218 1051 2235 ..
1076 2173 1151 2256 BG1
1163 2173 1199 2236 T.

343 2260 438 2320 Paulo
462 2259 551 2320 latius
574 2270 658 2340 patet
679 2263 760 2321 notio
783 2263 866 2322 vocis
892 2266 927 2322 N
938 2264 1016 2322 631:
1042 2256 1133 2339 ἠθικὴ
1158 2265 1209 2322 καλ
1231 2259 1373 2338 ἔμψυχος

254 2345 272 2428 ἡ
298 2350 488 2426 δικαιολογία
511 2345 555 2423 ὥς
577 2346 658 2426 πρὸς
679 2348 821 2428 παρόντα
842 2345 899 2412 τὸν
914 2353 977 2411 Δία.
996 2351 1065 2414 BT.
1113 2351 1270 2412 Menelaus
1294 2354 1371 2412 enim

254 2439 399 2499 hocloco
423 2435 546 2500 moleste
569 2437 628 2499 lert
651 2441 797 2500 Troianos
821 2441 929 2501 vicisse
952 2441 1122 2521 Jovemque
1151 2451 1305 2523 precatur,
1334 2461 1373 2502 ne

253 2525 385 2608 indiguis
409 2529 511 2589 faveat
534 2524 678 2608 ἄνδρεσσι
700 2525 878 2608 δβριστῇσιν

366 2657 494 2732 Τρωσίν,
519 2654 586 2714 τῶν
608 2653 701 2727 μένος
723 2655 789 2715 ullu
812 2649 995 2716 ἀτάσθαλον
1018 2652 1091 2717 οὐδὲ
1115 2655 1265 2717 δύνανται

360 2740 535 2818 φυλόπιδος
557 2743 744 2822 κορέσασθαι
768 2739 891 2818 διιοιίον
914 2745 1074 2818 πολέμοιο.
1098 2751 1165 2808 κτλ.

343 2887 447 2947 Tertio
470 2887 534 2946 loco
558 2885 708 2965 agendum
732 2897 776 2948 ast
799 2887 837 2950 de
858 2889 1068 2950 constitutione
1088 2891 1201 2975 scripti
1216 2896 1245 2956 et
1259 2889 1371 2956 νοίιιιι-

254 2978 330 3045 iulis
355 2971 447 3062 (κατὰ
469 2972 566 3056 ῥητὸν
589 2979 639 3036 καί
668 2973 838 3060 διάνοιαν),
870 2997 949 3059 quae
975 2980 1121 3054 nascitur,
1154 2999 1221 3040 oum
1252 2978 1372 3038 videtur

254 3063 568 3146 scriptorisjvoluntus
592 3086 659 3126 cum
682 3069 754 3147 ipsis
782 3068 860 3146 legis
888 3069 952 3128 sive
979 3067 1107 3130 foederis
1137 3069 1237 3129 verbis
1260 3067 1370 3128 diesen·

253 3157 319 3220 tire.
366 3156 475 3236 Neque
505 3156 579 3215 illud
607 3158 745 3238 exemplo
774 3177 813 3218 ex
835 3156 932 3218 Iliade
959 3158 1052 3238 petito
1084 3159 1227 3218 illustrari
1257 3159 1370 3238 nequit.

253 3245 372 3306 Foedus
403 3245 478 3320 dico,
511 3244 592 3326 quod
616 3248 823 3324 Agamemnon
846 3257 876 3308 et
898 3249 1034 3308 Priamus
1058 3249 1153 3308 iciunt
1179 3249 1281 3309 [³276
1303 3267 1367 3328 sqq.

254 3335 334 3414 Nam
355 3337 469 3397 etiamsi
497 3336 592 3396 verba
616 3338 847 3416 Agamemnonis
877 3347 999 3397 sonant:
1028 3339 1053 3398 si
1077 3337 1249 3398 Alexander
1273 3339 1369 3396 Mene·

252 3423 333 3484 laum
361 3436 461 3504 necat,
495 3427 552 3486 sibi
583 3425 692 3487 habeto
717 3424 863 3488 Helenam
895 3429 1019 3508 eiusque
1051 3427 1131 3486 bona
1161 3449 1196 3487 ac
1224 3427 1368 3500 fortunas,

219 3539 231 3549 ·
254 3512 422 3594 Graecique
445 3515 555 3575 infecta
571 3535 603 3575 re
619 3515 739 3576 domum
759 3515 909 3591 redibunt,
932 3518 978 3575 sin
994 3517 1147 3577 Menelaus
1165 3514 1370 3576 Alexandrum

253 3604 443 3678 interfecerit,
460 3605 582 3664 Troiani
598 3607 744 3666 Helenam
762 3615 801 3680 et,
818 3626 897 3687 quae
913 3608 977 3666 eius
993 3615 1071 3683 sunt,
1089 3606 1245 3676 reddunto,
1270 3614 1370 3664 tamen

253 3713 292 3754 ex
315 3694 380 3753 eius
402 3696 550 3754 sententia
573 3696 690 3756 Helena
718 3717 840 3776 quoque
871 3694 1022 3756 reddenda
1051 3705 1127 3768 erat,
1159 3698 1184 3756 si
1208 3695 1292 3755 Paris
1316 3715 1369 3773 pro

253 3786 333 3844 victo
357 3782 440 3858 abiit,
467 3785 581 3844 etiamsi
604 3806 664 3846 nou
687 3805 791 3865 pugna
814 3785 930 3845 cecidit.
977 3785 1085 3866 Itaque
1106 3805 1149 3848 vs.
1170 3789 1234 3848 456
1258 3785 1369 3864 optimo

252 3875 318 3934 iure
349 3873 502 3953 postulare
533 3875 698 3948 existimat,
730 3884 764 3935 ut
796 3876 913 3936 Helena
941 3875 1079 3935 Menelao
1107 3872 1257 3948 tradatur,
1289 3871 1369 3955 quod

253 3964 378 4023 Troiani
402 3982 456 4022 suo
480 3965 545 4023 iure
568 3973 689 4044 negant,
715 3963 808 4024 verba
829 3965 908 4043 legis
923 3974 1101 4044 spectantes,
1126 3984 1193 4025 cum
1208 3964 1293 4024 Paris
1310 3983 1369 4023 nou

254 4064 377 4114 necatus
400 4054 447 4113 sit.
494 4052 602 4133 Neque
625 4053 813 4115 scholiastam
842 4054 880 4114 ad
911 4055 991 4114 hunc
1020 4056 1118 4114 locum
1150 4073 1247 4131 nugas
1278 4071 1370 4129 agere

255 4143 405 4217 concedet,
431 4144 484 4224 qui
506 4142 590 4220 leget
612 4145 644 4202 in
667 4145 695 4204 A
718 4142 756 4204 ad
780 4147 858 4208 457:
890 4145 942 4205 καί
965 4146 1080 4220 γίνεται
1104 4138 1123 4223 ἢ
1146 4137 1369 4222 στὰσιςρητὸν

344 4357 457 4496 :pium
474 4353 529 4409 tat
546 4355 592 4423 τῆτ
610 4370 661 4410 om.
681 4353 712 4410 T.

384 4429 490 4488 adddit
509 4427 553 4491 Gr.
628 4426 753 4500 ³>elstera
768 4427 799 4485 T.
842 4463 845 4472 ·
873 4425 896 4499 4)
914 4429 975 4498 φησί
992 4424 1023 4482 T.
