3356 5150
643 431 864 516 ..2'3..

196 634 288 716 (997)
319 636 351 695 in
379 631 606 714 Pulydamantis
639 633 772 694 oratione
802 635 1012 713 investigatas,
1040 633 1099 694 huc
1122 627 1159 694 τό
1181 628 1315 714 πόρισον

196 727 301 787 uate
326 721 453 810 (rose).

284 815 321 875 In
344 813 580 880 constructione
595 814 840 880 enuntiatorum
850 821 921 872 sunt
944 809 1086 873 evitanda
1100 811 1204 887 verba,
1228 831 1314 892 proe-

195 903 320 965 ferenda
342 904 473 977 nomina,
505 901 586 982 quod
608 901 786 962 Eustathius
815 911 916 963 tamen
946 901 1091 983 exemplis
1122 902 1316 982 comprobare

195 995 302 1055 omisit.

283 1082 440 1162 Proprium
469 1077 633 1159 σεμνότητι
656 1088 701 1140 est
725 1079 845 1141 scheme
867 1078 1055 1161 ἐπικρίσεως,
1079 1080 1136 1140 hoc
1159 1088 1205 1140 est
1220 1081 1315 1160 ipsius

195 1172 319 1233 oratoris
345 1170 381 1231 de
397 1191 430 1232 re
452 1179 579 1230 tractata
595 1171 765 1250 appositum
781 1169 933 1252 iudicium,
955 1169 1037 1229 haud
1053 1190 1121 1229 raro
1136 1171 1169 1229 in
1185 1169 1314 1231 Homero

195 1263 234 1321 ab
257 1261 413 1321 Eustathio
436 1267 590 1339 notatum3
623 1259 659 1321 cl.
682 1263 717 1319 N
727 1260 777 1334 16,
801 1259 854 1320 ubi
880 1268 970 1340 poeta
992 1260 1168 1339 Neptunum
1191 1257 1314 1320 Graecis

195 1351 402 1410 laborantibus
437 1341 582 1409 suillium
617 1345 760 1409 forontem
791 1349 877 1411 facit:
902 1347 1044 1427 ἐλέαιρε
1078 1346 1107 1410 δ’
1136 1345 1313 1424 Ἄχαίονς,

195 1442 246 1501 Διί
275 1441 312 1500 δέ
341 1444 531 1517 κρατερῶς
559 1437 738 1511 ἐνεμέσσα
766 1436 873 1520 (917)
904 1435 943 1498 τό
980 1439 1014 1500 δὲ
1049 1436 1223 1510 ἐνεμέσσα
1252 1436 1314 1499 ἐπί-

195 1533 291 1608 κρισίς
319 1527 402 1590 ἐστιν
423 1523 579 1606 Ὁμηρικὴ,
612 1522 656 1599 ῶς
685 1523 727 1604 μὴ
757 1524 857 1606 μάτην
888 1527 1084 1604 χολουμένον
1116 1532 1174 1589 τοῦ
1204 1533 1313 1590 Ποσει-

195 1620 305 1692 δῶνος,
329 1613 410 1679 ἀλλά
431 1614 511 1678 κατὰ
527 1617 658 1690 νέμεσιν,
682 1607 701 1693 ό)
722 1617 822 1677 δίκαια
837 1617 951 1693 μέμψις
965 1616 1064 1691 ἐστίν;
1087 1621 1116 1678 Β
1128 1620 1192 1678 248
1209 1615 1311 1701 (214),

193 1711 295 1769 Aeas
320 1707 420 1789 (109),
447 1710 516 1767 153
542 1702 643 1789 (155),
676 1709 782 1767 ures
806 1706 908 1786 (ονε),
940 1709 1045 1767 uase
1071 1704 1172 1788 (σεο),
1210 1710 1312 1769 11515

194 1795 319 1880 (1313),
357 1799 459 1857 trees
492 1790 619 1880 (1318),
651 1795 746 1871 72³2
778 1796 901 1874 (1465),
934 1797 1032 1856 6221
1059 1792 1184 1879 (1592),
1216 1797 1313 1858 ν297

193 1885 319 1969 (1742),
344 1887 437 1947 σ287
464 1885 587 1963 (1847),
611 1886 705 1967 σ1ι63
731 1881 855 1966 (1842),
880 1886 973 1944 τ348
997 1882 1124 1967 (1867).

282 1975 405 2034 Minime
427 1974 589 2054 permissae
611 1981 682 2032 sunt
704 1969 911 2052 ἀναστροφαί,
944 1993 1004 2052 qua
1027 1974 1058 2032 in
1081 1993 1114 2033 re
1138 1973 1313 2034 llustathius

195 2065 234 2123 ab
258 2063 449 2142 Hermogene
471 2060 626 2122 dissentire
647 2059 776 2136 videtur,
801 2081 868 2121 cum
892 2061 963 2120 dicit
985 2067 1021 2122 Π
1029 2065 1092 2125 692
1118 2063 1248 2142 (1081)
1265 2052 1314 2124 ότι

194 2155 245 2212 καὶ
267 2157 327 2214 νῦν
351 2146 514 2229 όποιητης
535 2151 716 2228 παθητικῶς
739 2144 802 2225 ἅμα
825 2153 876 2211 καί
906 2152 1026 2226 σεμνῶς
1056 2147 1226 2231 ἀπέστρεψε
1256 2146 1315 2214 τόν

193 2239 293 2317 λόγον
315 2238 394 2321 πρὸς
416 2237 614 2320 Πάτροκλον,
646 2239 698 2300 sed
722 2241 747 2300 si
763 2237 927 2321 percurris,
960 2260 1038 2320 quae
1061 2250 1239 2322 sequuntur,
1271 2244 1313 2302 vi·

195 2329 278 2390 debis
308 2351 368 2391 uon
400 2330 559 2391 verborum
586 2330 703 2408 figurae
730 2329 783 2390 sed
814 2331 982 2390 sententiae
1012 2332 1109 2390 inesse
1141 2328 1314 2408 σεμνότητα

195 2418 274 2500 quod
292 2419 510 2480 demonstratur
524 2420 637 2482 verbis:
662 2415 825 2492 σεμνύνων
849 2420 882 2480 δέ
904 2413 1004 2480 αὐτόν
1026 2413 1090 2493 ἀμα
1113 2415 1157 2492 ῶς
1178 2418 1269 2482 θεῖόν
1284 2442 1314 2481 τι

193 2505 369 2588 πρόσωπον
404 2512 455 2570 καί
494 2505 714 2586 οίκτιζόμενος.
775 2509 882 2588 Neque
920 2508 1007 2569 aliter
1047 2529 1095 2569 res
1125 2527 1191 2569 sese
1221 2509 1314 2570 habet

194 2601 294 2662 Ρ367
313 2595 442 2683 (1119)
467 2619 536 2658 nam
560 2600 660 2659 c'rassa
683 2598 791 2676 caligo,
817 2618 877 2679 qua
897 2598 1034 2678 Iuppiter
1057 2599 1152 2658 aciem
1174 2598 1312 2675 involvit,
1420 2671 1423 2676 Δ

194 2709 285 2749 cause
308 2691 467 2766 gravitatis
491 2695 547 2762 est,
570 2707 632 2747 non
655 2688 810 2747 conversio
834 2686 872 2747 ad
895 2686 1072 2751 auditorem.

283 2777 427 2845 Membra
450 2779 591 2837 orationis
614 2777 720 2844 brevia
740 2796 806 2838 esse
822 2785 969 2857 opportet,
994 2796 1067 2854 argo
1082 2776 1210 2854 legimus
1233 2787 1313 2838 recte

195 2867 297 2927 2294
321 2867 427 2945 (649)
452 2863 596 2940 σεμνόσν
618 2867 819 2940 κομματικῶς
841 2879 871 2927 et
893 2867 1068 2947 paulopost
1084 2869 1183 2928 2561
1203 2862 1311 2951 (660)

194 2953 367 3033 κομματικὴ
389 2958 577 3033 περίφρασις.

284 3046 387 3105 Restat
409 3046 601 3130 compositio.
648 3043 753 3105 Idonei
783 3054 853 3107 sunt
883 3047 1012 3106 maxime
1034 3046 1150 3105 numeri
1173 3043 1313 3124 dactylici

194 3144 225 3194 ct
248 3135 442 3214 anapaestici.
489 3137 592 3214 Atque
623 3134 685 3194 noli
715 3135 882 3213 negligere,
914 3136 1137 3214 Hermogenem
1167 3133 1312 3194 hocloco

195 3225 317 3300 longius
339 3244 429 3305 quam
451 3223 528 3284 solet
550 3226 582 3283 in
605 3225 782 3297 tractatione
805 3243 997 3285 numerorum
1020 3225 1143 3298 versari,
1168 3223 1312 3303 exemplis

195 3312 312 3385 additis,
336 3332 373 3374 ex
396 3315 527 3374 Homero
552 3311 775 3395 depromptis.²)
829 3313 896 3389 Quo
920 3313 1131 3395 explicandum
1155 3311 1312 3392 estquod

195 3401 371 3462 Hustathius
396 3422 518 3484 quoque
533 3403 590 3461 hac
605 3405 637 3463 in
651 3401 720 3463 idea
736 3401 773 3463 de
788 3407 919 3463 numeris
935 3404 1022 3486 dixit,
1046 3404 1082 3463 cf.
1099 3426 1118 3464 ν
1131 3405 1171 3463 92
1186 3397 1312 3486 (1734)

194 3493 258 3551 καί.
274 3484 323 3552 ότι
353 3487 464 3566 σεμνός
486 3491 624 3553 ἐνταῦθα
653 3496 757 3568 στίχος
786 3490 865 3553 κατὰ
896 3489 932 3554 τό
963 3489 1178 3554 όλοδόκτνλον
1207 3485 1246 3550 τό
1269 3485 1311 3567 δὴ

194 3577 280 3639 τότε
296 3578 324 3654 γ’
342 3575 499 3658 ἀτρέμας
522 3573 604 3642 εὗδε
620 3581 846 3657 λελασμένος
868 3573 943 3644 όσσ’
963 3578 1180 3654 ἐπεπόνθει,
1198 3574 1311 3640 όποῖον

195 3663 255 3730 σὺν
279 3663 384 3743 ἀλλοις
405 3672 455 3730 καί
477 3669 511 3732 ἐν
534 3665 639 3732 Ἰλιάδι
662 3666 717 3732 τό·
746 3684 849 3732 κεῖτο
879 3671 991 3749 μέγας
1019 3671 1226 3748 μεγαλωστί
1257 3673 1311 3730 λε-

193 3757 378 3832 λασμένος
400 3757 645 3822 ίπποσννάοον
668 3770 699 3821 et
721 3763 836 3823 11774
854 3757 983 3845 (1086)
1009 3756 1114 3842 τούτῳ
1138 3760 1171 3820 δέ
1195 3753 1312 3832 δμοίως

195 3843 404 3909 όλοδάκτνλοι
434 3851 484 3909 καί
519 3851 548 3911 ol
578 3848 686 3927 ἐφεξῆς
717 3847 776 3912 δύο
814 3854 913 3926 στίχοι
943 3852 1241 3926 συνεπικονροῶντες
1270 3848 1312 3921 εἰς

193 3937 292 3998 πλέον
314 3942 353 4014 τῇ
374 3943 529 4016 φραστικῖη
551 3936 713 4018 σεμνότητι
735 3939 770 4000 ἐν
792 3945 830 4018 τῇ
851 3938 1030 4020 μακροτέρη
1053 3939 1203 4016 διατριβῇ.

283 4028 424 4107 Denique
451 4025 560 4088 addam
581 4048 652 4110 pag.
678 4032 698 4091 4
721 4029 912 4090 Eustathium
935 4030 1103 4110 opinionem
1125 4027 1258 4108 proferre
1278 4025 1311 4085 in

195 4114 291 4176 Iliade
313 4115 382 4196 plus
404 4118 563 4196 gravitatis
584 4121 682 4179 inesse
705 4137 796 4199 quam
817 4120 850 4179 in
872 4116 1015 4199 Odyssea.

285 4205 466 4288 Appendicis
489 4207 584 4270 instar
614 4208 746 4269 brevitor
775 4210 807 4269 in
837 4229 898 4270 uno
929 4217 1092 4289 conspectu
1120 4225 1229 4286 ponam
1260 4223 1310 4267 cos

286 4397 307 4476 ¹)
326 4413 364 4456 ιι.
383 4397 485 4472 xlae,
504 4397 605 4470 Neon,
624 4399 727 4458 11415.
