3390 5140
884 1407 946 1492 ΙΙ.

820 1597 965 1718 Caput
994 1599 1019 1692 l.

451 1765 484 1826 Si
520 1775 619 1825 autem
650 1765 810 1826 Eustathio
840 1768 899 1825 iam
930 1767 1037 1825 omisso
1069 1763 1107 1824 ad
1137 1766 1205 1844 ipsa
1235 1763 1361 1840 scholia,
1398 1783 1478 1847 quae

363 1865 484 1915 exstant
500 1854 537 1914 ad
554 1856 716 1915 Homerum
733 1856 889 1929 rhetorica,
915 1854 1092 1936 accedimus,
1119 1856 1254 1934 quaestio
1270 1856 1391 1915 minime
1406 1876 1477 1932 neg·

359 1943 484 2023 liganda
506 1947 649 2025 exoritur,
674 1946 784 2026 quibus
808 1945 1001 2006 exsortibus
1025 1945 1077 2003 illa
1099 1943 1248 2004 fluxerint.

450 2034 520 2109 Qua
541 2036 574 2095 in
597 2055 629 2095 re
652 2045 732 2094 certe
754 2055 866 2116 operae
888 2037 1016 2114 pretium
1040 2044 1086 2094 est
1108 2033 1262 2112 indagare,
1288 2039 1360 2109 qnld
1383 2039 1478 2096 ineis

361 2130 523 2185 Aristoteli
548 2130 708 2197 debeatur,
737 2124 912 2204 philosopho
940 2124 993 2197 illi,
1033 2124 1085 2205 qui
1124 2123 1287 2184 studiorum
1322 2125 1477 2197 varietate,

361 2233 461 2273 rernm
494 2215 631 2288 scientia,
664 2215 870 2274 inventionum
894 2215 1030 2274 acumine
1053 2233 1154 2274 omnes
1185 2214 1315 2272 omnium
1346 2221 1478 2273 aetatum

365 2300 549 2364 Graecorum
586 2312 616 2362 et
649 2303 848 2363 Romanorum
883 2305 962 2364 viros
998 2301 1098 2362 doctos
1132 2304 1328 2382 superaverit.
1389 2300 1478 2378 Quod

361 2412 469 2452 munus
500 2401 535 2451 ut
557 2393 712 2472 suscipiat,
745 2413 779 2452 eo
802 2392 918 2452 facilius
941 2395 1008 2473 quis
1032 2391 1200 2466 adducitur,
1233 2393 1305 2473 quia
1327 2392 1476 2470 fragmen·

362 2493 461 2540 torum
479 2482 688 2560 quaestionum
703 2481 939 2555 Homericarum,
965 2483 1074 2562 quibus
1091 2502 1138 2540 ars
1155 2492 1184 2540 et
1200 2482 1355 2541 consilium
1371 2493 1476 2563 poetae

368 2579 507 2630 accurate
531 2570 707 2651 plerumque
731 2581 761 2632 et
776 2573 924 2632 subtiliter
939 2573 1136 2646 examinatur,
1153 2570 1234 2630 hand
1251 2591 1363 2652 parvus
1378 2590 1475 2630 nume·

362 2680 413 2720 rus
437 2661 468 2718 in
492 2659 611 2720 scholiis
635 2672 770 2721 servatus
795 2673 853 2734 est,
879 2683 916 2722 ex
940 2662 1049 2742 quibus
1076 2670 1217 2741 apparet,
1242 2670 1356 2740 quanto
1380 2679 1477 2720 amore

363 2751 500 2829 princeps
537 2750 782 2831 philosophorum
815 2753 980 2831 principem
1014 2760 1169 2831 poetarum
1203 2755 1359 2831 amplexus
1394 2745 1477 2834 sit1).

298 2881 300 2892 .
365 2838 499 2919 Accedit,
518 2838 597 2919 quod
611 2841 732 2916 scholia,
751 2860 829 2920 quae
842 2851 912 2900 sunt
925 2839 962 2900 de
973 2841 1095 2899 Homeri
1108 2851 1172 2900 arte
1187 2843 1304 2920 poetica
1319 2841 1479 2899 maximae

363 2938 450 3009 parte
473 2929 606 3009 profecta
628 2938 697 2988 sunt
720 2950 739 2988 a
761 2931 955 3008 grammatico
980 2929 1119 3010 quodam,
1144 2933 1196 3010 qui
1220 2930 1400 2989 Aristotelea
1427 2931 1479 2988 im·

366 3021 456 3078 butus
480 3027 545 3077 erat
572 3017 738 3098 disciplina.
775 3019 851 3079 Nam
867 3018 1045 3078 scholiastae
1061 3019 1154 3080 Iliade
1177 3030 1206 3079 et
1222 3019 1354 3099 Odyssea
1377 3038 1480 3098 accep·

365 3109 404 3166 tis
429 3128 481 3186 pro
505 3108 623 3185 magnis
647 3111 733 3187 quasi
757 3108 918 3188 tragoediis
942 3109 1034 3190 leges,
1058 3101 1134 3189 quas
1155 3109 1331 3170 Aristoteles
1355 3107 1393 3168 de
1416 3118 1480 3168 arte

364 3199 481 3276 poetica
509 3198 626 3270 statuit,
657 3200 689 3255 in
717 3199 878 3258 Homerum
907 3199 1067 3258 transferre
1095 3200 1193 3258 conati
1220 3207 1299 3273 sunt,
1346 3197 1414 3272 Qua
1443 3195 1480 3256 de

364 3306 396 3345 re
420 3285 564 3345 hocloco
588 3306 635 3346 me
657 3307 717 3346 non
741 3289 908 3347 accuratius
932 3287 1077 3347 disserere
1101 3308 1187 3368 posse
1211 3287 1306 3351 doleo.
1345 3286 1480 3346 Sufficiat

364 3375 490 3434 lectores
514 3374 656 3453 ablegare
680 3375 718 3436 ad
739 3397 784 3451 ea,
809 3377 918 3457 quibus
943 3376 1020 3436 hanc
1035 3398 1098 3436 rem
1114 3376 1368 3437 adumbraverunt
1383 3378 1480 3454 magis

365 3485 454 3544 quam
471 3465 665 3525 absolverunt
681 3466 931 3545 Trendelenburg
939 3462 976 3550 ²),
994 3463 1162 3545 Roemer⁵),
1180 3462 1322 3546 auant),
1343 3475 1376 3528 ut
1392 3465 1481 3526 hodie

385 3725 391 3738 Ι
455 3656 482 3781 li
497 3655 569 3722 Quas
587 3658 722 3748 genuinas
746 3674 806 3714 esse
826 3659 929 3713 iniuria
951 3663 1059 3742 negant
1074 3659 1164 3742 Rosa,
1179 3657 1347 3743 Aristoteles
1365 3657 1481 3760 pse-ude}

364 3743 522 3867 lllfllrlff’
538 3729 996 3867 {tlt,peltrasius
1010 3731 1479 3868 titltttltttffltlhttt,

364 3869 397 3923 ct.
426 3870 459 3926 R.
484 3871 680 3936 Waclrsmutlr,
708 3874 742 3928 de
766 3873 928 3928 Aristotelis
957 3873 1057 3928 studiis
1083 3873 1251 3941 Homericis,
1281 3873 1359 3940 1863,
1387 3890 1412 3942 p.
1437 3875 1480 3937 20,

365 3941 507 4009 Schrader,
532 3943 681 4012 Porphyrii
705 3945 897 4012 quaestionum
916 3944 1125 4000 Homericarum
1148 3946 1183 4000 ad
1201 3945 1316 4000 Iliadem
1339 3945 1480 4013 pertinen·

364 4013 434 4066 tium
447 4014 582 4082 reliquiae
601 4017 653 4070 415
667 4031 733 4084 sqq,
752 4016 845 4084 Heitz,
865 4017 909 4070 die
928 4018 1076 4072 verlornen
1090 4017 1229 4071 Schriften
1241 4017 1290 4072 des
1303 4017 1480 4082 Aristoteles,

365 4085 442 4152 1865,
462 4087 514 4140 258
534 4102 601 4153 sqq,
624 4086 751 4154 Boemor,
775 4087 925 4143 relationes
944 4089 1099 4143 academiae
1118 4089 1300 4155 Monacensis,
1322 4089 1398 4154 1884,
1419 4088 1479 4142 285.

405 4225 410 4238 Ι
454 4156 475 4228 ⁹)
496 4157 743 4213 Grammaticorum
767 4158 935 4214 Graecorum
960 4161 993 4215 de
1018 4166 1079 4216 arte
1102 4162 1211 4229 tragice
1233 4159 1398 4214 iudiciorum
1417 4159 1480 4214 reli-

366 4231 681 4369 qume⁹³)llt'lis7dgdlissoh(d
697 4301 821 4356 Scholien
840 4303 889 4358 der
907 4303 983 4370 Ilias,
1002 4321 1028 4372 p.
1041 4304 1083 4359 VI
1100 4319 1158 4372 sqq.

364 4369 546 4498 mmhlglgig
570 4372 773 4430 aristotelisclre
791 4374 908 4429 Theorie
934 4391 998 4430 vom
1020 4377 1093 4446 Ilpos
1116 4375 1161 4430 bei
1186 4373 1320 4430 Griechen
1345 4374 1402 4429 und
1426 4373 1480 4429 Rh-

444 4482 450 4510 ‚
546 4487 552 4500 .
