3356 5150
641 468 859 528 ...47-

187 635 326 724 Ὅμηρον
348 640 477 724 ῥήτορες
492 639 530 705 τὸ
547 639 639 724 δριμὺ
660 641 885 718 μετεσκεύασαν
908 645 950 720 εἰς
964 639 1023 723 ἡδύ
1038 665 1076 718 τι,
1100 643 1220 718 ἐννοίας
1242 646 1306 723 δρι-

191 737 277 807 μειάς
298 733 449 810 λέγοντες,
481 732 515 794 ἐν
538 731 585 806 αἷς
607 731 760 810 γλυκύτης
781 731 958 796 ἐπιτείνεται
989 737 1039 796 καί
1070 733 1163 810 λέξεις
1186 736 1219 795 δὲ
1243 737 1306 814 δρι-

191 826 277 896 μείας
300 818 425 897 ὁμοίως.

280 913 458 994 Principalis
490 912 571 972 illias
605 911 692 972 ideae
725 913 820 972 virtus
858 924 903 973 est
936 915 1113 982 centenum
1146 915 1308 982 acuminis

186 1002 303 1086 plenas
326 1003 435 1070 imiter
448 997 703 1087 pronnntinre,¹)
727 1000 764 1060 de
781 1002 891 1082 quibus
907 1003 1113 1082 Hermogenes
1137 1004 1233 1065 obiter
1247 1005 1307 1063 iam

193 1093 257 1168 egit
279 1093 439 1171 incapite,
463 1091 544 1171 quod
567 1102 613 1152 est
629 1090 667 1150 de
689 1090 888 1170 simplicitate.
935 1092 1025 1152 Hand
1048 1093 1127 1154 male
1148 1093 1308 1154 scholiasta
1404 1159 1407 1164 ,

192 1201 291 1240 acrem
315 1179 472 1242 dictionem
501 1180 635 1241 declarat
656 1174 845 1258 ἐμφαντικίην
875 1183 926 1242 καὶ
956 1178 1176 1260 μεταφορικίην,
1208 1202 1308 1263 nequo

192 1271 367 1330 Eustathius
399 1271 551 1351 plerisque
580 1270 654 1330 locis
686 1269 768 1329 alind
798 1271 852 1330 illa
881 1290 956 1332 voco
985 1273 1155 1348 significare
1178 1272 1307 1348 videtur,

193 1358 274 1439 quod
296 1360 368 1420 mihi
392 1359 536 1420 concedes
560 1360 701 1420 evolvens
724 1363 827 1421 3337
853 1359 953 1438 (233),
977 1364 1079 1422 3353
1098 1359 1199 1444 (236),
1224 1367 1257 1424 Η
1266 1365 1306 1423 96

192 1449 292 1527 (668),
317 1454 409 1512 1106
433 1448 535 1531 (738),
568 1453 660 1511 1235
684 1446 784 1530 (749),
813 1454 848 1511 Ν
855 1453 895 1510 95
920 1449 1018 1530 (923),
1050 1454 1157 1512 11789
1181 1448 1308 1530 (1687),

195 1535 294 1606 Ξιυυ
320 1538 420 1620 (ero),
453 1542 560 1600 arelo
593 1536 1012 1624 (intercessoris),
1045 1543 1148 1602 near
1182 1538 1306 1622 (1348),

193 1630 296 1688 6666
323 1624 448 1710 (rese),
472 1632 573 1690 6186
597 1629 721 1706 (1591),
745 1631 841 1702 1232
868 1626 1020 1711 (tamem)

281 1717 328 1777 De
342 1720 433 1778 variis
457 1727 556 1776 autem
580 1717 763 1795 praeceptis.
783 1736 862 1795 quae
877 1717 1083 1795 Hermogenes
1106 1719 1306 1798 praescripsit,

191 1816 225 1864 ut
247 1806 332 1865 fieret
354 1807 525 1878 acrimonia,
552 1825 650 1864 unam
673 1815 789 1864 tantum
812 1806 987 1866 Eustathius
1008 1808 1041 1868 in
1064 1810 1308 1868 commentarium

191 1897 304 1973 recepit
334 1894 373 1952 ad
402 1897 433 1954 Ψ
442 1898 504 1956 585
531 1895 659 1970 (1317);
690 1889 729 1953 τὸ
760 1894 792 1954 δὲ
821 1894 977 1970 πεδῆσαι
1008 1895 1141 1972 δριμέως
1170 1895 1306 1976 εἴρηται.

192 1978 229 2044 τὸ
253 1979 312 2058 γὰρ
335 1986 474 2043 κωλῦσαι
501 1983 558 2044 τοῦ
581 1978 704 2058 δρόμου
727 1982 856 2058 κεδηοαί
877 1998 971 2060 φησιν
994 1977 1012 2045 δ
1035 1979 1186 2066 βασιλεὺς,
1214 1982 1307 2060 αὐξά-

192 2091 261 2132 νων
283 2065 321 2129 τὰ
345 2076 401 2131 τοῦ
425 2075 587 2134 νεανίσκου
611 2065 752 2150 ἀδίκημα,
777 2092 906 2152 quocum
928 2073 1162 2152 comparandum
1185 2075 1308 2136 Hermo-

195 2160 282 2235 genis
298 2156 454 2241 uerumrl)
477 2165 593 2240 κυρίως
606 2161 664 2235 μὲν
679 2155 739 2222 οὖν
754 2158 877 2222 ἔννοιαν
892 2165 1030 2240 σημαίνει
1044 2163 1124 2238 λέξις
1139 2161 1177 2226 οὐ
1193 2167 1309 2243 κυρίως

193 2245 308 2324 ἐκείνης
331 2243 410 2310 οὖσα
434 2244 452 2328 ι)
476 2247 612 2328 τοιαύτη.
649 2251 783 2312 Adhibet
798 2253 877 2312 onim
901 2273 936 2312 eo
959 2252 1025 2312 loco
1040 2253 1188 2314 Homerus
1204 2274 1308 2314 vocem

193 2337 320 2413 πεδῆσαι
340 2341 471 2408 notione
493 2363 569 2408 raro
592 2340 858 2420 admissumque
881 2343 910 2408 ei
928 2343 1073 2426 proprio.

280 2427 388 2507 ltaque
410 2429 630 2511 properandum
655 2429 692 2489 ad
715 2427 877 2492 ἐπιείκειαν
899 2431 1145 2511 (moderationem
1172 2434 1236 2493 eive
1260 2453 1308 2492 ae·

193 2523 475 2611 qnanimitatsm),⁴l
491 2528 595 2589 eodem
611 2527 700 2592 modo
714 2512 927 2588 ab—ll—mtathio
943 2550 1040 2609 paene
1054 2551 1175 2610 prorsus
1189 2531 1308 2590 silentio

192 2633 372 2693 oppressam.
411 2617 559 2690 Cernitur,
591 2639 663 2684 eum
689 2639 750 2684 uos
771 2624 944 2701 nostreque
974 2626 1193 2687 extenuamus.
1238 2621 1308 2682 Huc

191 2705 322 2782 P⁰1⁸l¹10t
344 2727 390 2785 eo,
415 2729 496 2790 quoe
519 2714 604 2774 certo
619 2713 706 2784 smol,
730 2706 927 2774 dubitatione
942 2714 971 2774 et
993 2710 1208 2776 moderatione
1230 2731 1307 2793 qua-

191 2793 266 2858 ιίακι
280 2794 441 2879 iuducere,
465 2811 500 2856 nt
520 2797 679 2858 66111228
696 2793 798 2880 (960),
823 2817 842 2857 ν
858 2802 920 2858 154
937 2797 1062 2875 (1737).
1109 2797 1230 2878 Optime
1252 2799 1307 2857 hoc

190 2901 287 2958 genus
309 2884 582 2947 illustramenta
606 2887 734 2964 (1692)ι
764 2889 927 2963 οημείωοαι
959 2887 1002 2958 δὲ,
1033 2880 1081 2947 ὅτι
1111 2883 1149 2948 τὸ
1179 2889 1237 2960 μὲν
1264 2883 1306 2948 οὐ

190 2967 304 3044 κακός
333 2974 405 3047 είμι
434 2978 566 3052 μετρίως
596 2971 659 3036 εἶκε
689 2977 740 3034 καί
769 2973 908 3047 ἐπιεικῶς
935 2972 1096 3050 Ὀδυσσεὺς
1134 2973 1308 3050 δυνάμενος

190 3060 287 3121 εἰπεῖν
310 3058 353 3136 ὡς
374 3059 459 3126 πάνυ
475 3065 582 3139 δεξιῶς
598 3061 670 3140 ἔχω,
696 3065 747 3126 ἵνα
763 3063 809 3141 εἴη
825 3061 861 3125 τὸ
878 3061 917 3126 οὐ
932 3061 1017 3126 πάνυ
1032 3059 1127 3137 κακὸς
1150 3060 1189 3125 οὐ
1204 3063 1307 3139 μόνον

191 3153 297 3224 κακίας
321 3148 476 3228 ἀπόφασις
499 3147 578 3214 ἀλλὰ
601 3156 651 3214 καί
675 3150 743 3214 ἀντί
766 3154 823 3214 τοῦ
853 3157 937 3214 λίαν
968 3154 1089 3229 δέξιος
1112 3147 1130 3233 ἢ
1154 3149 1304 3233 ἀνδρεῖος.

197 3241 299 3300 Ψ586
317 3239 441 3324 (1367),
466 3245 520 3304 ubi
543 3243 719 3304 Antilochus
742 3241 877 3303 concedit
892 3243 1061 3304 Menelaum
1085 3265 1117 3304 se
1132 3265 1199 3305 esso
1214 3245 1306 3304 multo

190 3333 444 3407 praestantiorem,
470 3335 548 3394 2131
576 3332 661 3416 (31);
686 3335 849 3410 οημείωοαι
873 3333 905 3393 δὲ
929 3329 973 3406 ὡς
994 3331 1028 3393 ἐν
1051 3339 1097 3415 τῷ
1121 3331 1209 3416 τόπῳ
1232 3347 1306 3409 σωο-

192 3410 268 3492 δρὰς
289 3415 411 3496 ἐννοίας
432 3420 572 3494 ἐπιεικῶς
603 3417 621 3482 ὁ
650 3417 793 3496 βασιλεὺς
821 3418 1026 3496 μεθόδευσεν·
1059 3419 1128 3483 ἀντὶ
1159 3419 1218 3500 γὰρ
1248 3428 1307 3483 τοῦ

190 3507 302 3566 εἰπεῖν·
325 3506 372 3587 με)
391 3526 428 3572 σε
452 3507 533 3574 ου’δὲ
558 3506 674 3584 δθεδς
689 3507 853 3588 cincinni]
875 3514 935 3572 καὶ
958 3507 1005 3590 μὴ
1028 3526 1063 3572 σε
1085 3509 1219 3588 βλὰψω
1236 3513 1306 3573 δει·

191 3595 263 3666 νὼς
285 3590 364 3659 ἄλλα
387 3599 480 3675 εἶπεν,
506 3597 549 3674 ὡς
572 3603 664 3680 δηλοῖ
684 3596 702 3678 τ)
726 3599 870 3679 ποιητικὴ
892 3597 1054 3679 φραστικὴ.

280 3686 396 3748 Deinde
424 3692 665 3771 aequanimitatis
689 3703 742 3770 est,
774 3693 804 3757 si
825 3712 886 3758 nos
916 3692 1168 3758 adnumeremus
1197 3692 1305 3758 mulli·

190 3774 310 3853 andini,
336 3778 415 3858 quod
438 3779 472 3838 fit
490 3785 566 3844 1¹52
586 3777 686 3865 (379),
708 3780 761 3840 ubi
777 3781 887 3842 Hector
902 3779 1042 3842 Paridem
1057 3781 1201 3862 increpat,
1224 3795 1306 3842 stans

281 4054 303 4118 1)
323 4053 360 4119 H,
379 4054 439 4120 365,
459 4054 476 4108 6
495 4051 553 4121 Sp:
579 4053 620 4104 ὅτι
639 4056 703 4105 είοὶν
722 4055 750 4104 αἱ
768 4052 796 4112 ἐξ
814 4050 939 4120 ἐπιβολῆς
961 4051 1084 4119 βαθεῖαι.
1122 4053 1214 4108 Paene
1232 4052 1305 4109 idem

189 4125 355 4180 Eustathiue
367 4142 393 4194 p.
409 4127 491 4179 1379:
510 4126 593 4175 τοῦτο
610 4125 661 4197 γάρ
680 4126 751 4177 ἐστιν
764 4123 858 4191 ὀξύτης
869 4123 1003 4196 ῥητορικὴ,
1022 4125 1167 4191 νοημάτων
1179 4123 1305 4191 flodoinus

190 4197 220 4250 du
238 4194 432 4262 ἐπιπολαζούοη
449 4194 590 4261 ἁπλότητι.

280 4269 301 4339 r)
320 4268 373 4323 Ubi
393 4283 485 4324 vocem
504 4268 612 4336 ἔμφασις
630 4267 690 4338 ipse
708 4269 822 4324 addidit.

280 4339 302 4406 9)
321 4339 358 4404 ΙΙ,
378 4342 440 4399 365,
459 4341 491 4394 31
512 4339 557 4408 Sp.

279 4410 302 4481 ⁴)
321 4411 359 4480 ΙΙ,
378 4413 430 4466 369
450 4427 508 4479 sqq.
528 4411 572 4480 Sp.
