3390 5140
752 473 993 532 -108-

316 650 370 728 τής
388 654 599 730 πραγματείας
613 647 806 727 ἐπαγγελίαν.
847 652 887 710 Μ.
905 659 996 714 etan.
1015 650 1072 712 Ox.
1089 651 1143 724 tv,
1162 653 1239 712 406:
1258 695 1265 710 .
1283 695 1290 710 .
1307 695 1315 711 .
1332 643 1431 710 καθά·

314 760 372 818 περ
395 743 447 801 καί
469 737 508 801 τὰ
530 736 680 814 κεφάλαια
703 738 738 801 ἐν
760 745 806 822 τῷ
828 743 983 822 προοιμίῳ
1006 753 1122 801 κεῖνται
1146 739 1200 818 τής
1221 737 1381 818 ποιήσεως.

339 845 341 850 ·
403 831 484 890 Num
508 831 606 890 stoicis
631 831 720 889 etiam
745 831 882 890 Isocratis
898 829 936 890 de
951 831 1331 898 virtutibus‘narrationis
1345 849 1430 910 prae·

315 929 444 1000 ceptum,
468 939 508 982 sc.
529 930 563 979 ut
583 921 622 979 sit
637 918 747 992 lucide,
772 919 882 992 brevis,
906 920 1085 1000 verisimilis,
1101 921 1258 1000 placuerit,
1283 940 1342 979 non
1359 939 1429 978 con·

314 1019 382 1082 stat,
407 1029 589 1090 quamquam
611 1009 727 1069 nullum
744 1017 953 1087 argumentum
969 1017 1073 1070 contra
1089 1010 1188 1069 afferri
1204 1019 1309 1090 potest.
1349 1011 1429 1087 Elrgo

314 1099 351 1158 de
374 1099 504 1175 scholiis,
538 1099 647 1179 quibus
678 1097 782 1158 eadem
805 1099 905 1178 opinio
929 1099 1056 1158 refertur
1079 1097 1243 1158 diiudicare
1266 1119 1326 1158 non
1349 1099 1428 1160 licet.

314 1188 448 1262 Quorum
478 1190 510 1246 in
540 1207 664 1248 numero
687 1197 733 1246 est
756 1207 782 1250 e.
807 1210 837 1264 g.
884 1191 913 1246 Ε
928 1193 960 1250 9:
991 1189 1087 1248 τοῦτο
1118 1183 1154 1250 τὸ
1185 1187 1268 1262 εἶδος
1297 1185 1431 1266 διήγησις

313 1276 455 1352 λέγεται·
479 1291 560 1356 τρεῖς
583 1275 610 1338 d'
636 1272 740 1353 ἀρεταί
765 1275 948 1353 διηγήσεως·
973 1276 1129 1355 σαφήνεια,
1154 1280 1314 1352 συντομία,
1338 1281 1429 1338 πιθα-

314 1365 426 1445 νόντης
448 1373 514 1428 κτλ.
539 1369 609 1427 ΒΤ.
657 1366 730 1426 Item
746 1367 776 1424 in
795 1365 885 1426 dubio
901 1367 1132 1448 relinquendum
1156 1376 1210 1442 est,
1235 1388 1306 1428 num
1329 1368 1428 1428 stoicis

314 1455 481 1516 debeantur
504 1456 617 1516 scholia
639 1455 692 1515 illa
715 1454 752 1515 de
775 1458 946 1516 narratione
976 1455 1186 1539 particulari,1)
1218 1459 1335 1518 etiamsi
1358 1458 1429 1517 For·

313 1548 488 1605 tunatianus
512 1554 542 1604 et
564 1545 664 1606 Julius
689 1547 789 1606 Victor
814 1566 879 1606 eam
902 1567 962 1606 non
984 1547 1134 1624 ignorent.

401 1635 474 1712 Peg.
503 1639 563 1696 108
588 1634 671 1694 addit
694 1635 928 1697 Fortunatianns
957 1635 995 1694 ad
1019 1645 1160 1716 quattuor
1191 1636 1258 1696 illas
1286 1635 1430 1698 orationis

313 1733 422 1803 partes,
448 1745 526 1804 quae
543 1726 709 1805 antiquitus
725 1727 867 1785 constitui
883 1726 990 1802 solent,
1008 1727 1197 1806 principium,
1220 1727 1428 1808 narrationem,

312 1815 616 1890 argumentationem,
640 1815 872 1898 perorationem,
905 1817 1084 1876 recentiores
1107 1815 1268 1896 quasdam,
1301 1836 1428 1896 quarum

311 1903 342 1961 in
366 1924 487 1964 numero
511 1915 581 1963 sunt
605 1904 828 1981 προίκθεσις
850 1915 880 1964 et
898 1902 1236 1987 apoaopooxsop',²)
1266 1926 1428 1986 quaecum

311 1989 535 2077 Volkmanno⁸)
559 2014 577 2052 a
593 1995 691 2053 stoicis
708 1996 894 2072 excogitatae
911 2014 975 2056 esse
991 1997 1112 2056 conicio.
1152 1996 1338 2055 Proecthesis
1355 1994 1428 2076 quid

298 2083 357 2154 sit,
382 2087 503 2160 exponit
517 2073 547 2163 p'.
566 2086 640 2156 210,
667 2087 722 2146 2οε
748 2083 821 2164 quid
845 2094 890 2144 est
912 2084 1115 2165 proecthesis?
1144 2105 1211 2145 cum
1234 2095 1304 2145 ante
1326 2104 1428 2145 narra·

311 2173 420 2232 tionem
456 2170 570 2252 aliquid
604 2172 763 2232 docilitatis
795 2193 887 2233 causa
918 2173 1087 2235 adferimus.
1147 2175 1333 2236 Vocabulum
1369 2175 1427 2236 nu-

310 2261 438 2322 stathius
461 2257 659 2341 adamavit,⁴)
690 2263 721 2320 in
749 2261 866 2322 scholiis
888 2283 1010 2342 perraro
1034 2265 1295 2348 investigavimus,
1328 2265 1371 2324 ita
1393 2271 1428 2324 ut

310 2352 439 2429 exempli
463 2353 562 2428 gratia
585 2351 692 2410 afferro
714 2360 829 2410 tantum
853 2354 962 2432 possim
990 2357 1026 2412 N
1040 2355 1115 2414 171:
1146 2355 1254 2432 χαριὲν
1278 2349 1314 2416 τὸ
1322 2349 1348 2436 ⁶)
1378 2351 1425 2429 ἐφ’

308 2435 427 2520 ἑκάστῳ
451 2440 518 2499 τῶν
540 2436 699 2516 ἐπισήμων
723 2435 779 2518 τήν
802 2435 940 2520 διήγησιν
963 2437 1041 2502 κατὰ
1068 2437 1124 2515 τὰς
1150 2438 1317 2522 ἀναιρέσεις
1339 2443 1426 2520 ἐκφέ-

309 2545 394 2605 ρειν·
419 2523 454 2588 τὸ
477 2529 534 2602 μὲν
561 2525 620 2606 γὰρ
649 2529 857 2607 προεκθέσθαι
883 2533 953 2609 περὶ
980 2527 1113 2592 ἑκάστου
1141 2530 1308 2612 μακρόν,“)
1333 2527 1370 2594 τὸ
1394 2534 1427 2594 δὲ

308 2615 342 2677 ἐν
366 2628 430 2690 τοῖς
453 2614 658 2691 συμπτώμασι
681 2620 936 2699 παραδιηγεῖσθαι
960 2617 1107 2682 πιθανόν.
1133 2623 1202 2683 ΒΤ.
1250 2623 1337 2698 Quod
1353 2623 1426 2683 Fer·

309 2707 458 2766 tunatiani
482 2707 647 2768 definitioni
670 2709 845 2788 respondet,
878 2731 946 2770 nam
975 2712 1150 2792 priusquam
1174 2713 1344 2773 Menelaum
1367 2713 1425 2772 Im·

309 2795 405 2855 brium
429 2797 655 2857 interficientem
678 2799 778 2872 faciat,
803 2799 953 2859 Homerus
978 2803 1072 2860 multa
1096 2811 1197 2860 narrat
1219 2802 1239 2862 l.
1257 2803 1276 2866 l.
1302 2801 1338 2862 de
1361 2804 1426 2862 vita

308 2893 338 2945 et
359 2883 506 2946 domicilio
526 2887 652 2947 infelicis
672 2888 752 2947 illiue
767 2888 879 2948 Imbrii.
917 2889 972 2950 Oui
987 2910 1088 2950 assero
1104 2891 1231 2952 alterum
1244 2893 1423 2972 exemplum,

307 2974 360 3034 uhi
383 2977 490 3036 vocula
513 2987 611 3036 exstat
634 2997 654 3037 α
673 2981 706 3038 1ι
735 2974 791 3038 τὸν
822 2975 943 3056 τρόπον
974 2983 1202 3058 προεκτίθεται,
1235 2979 1273 3042 δι’
1300 2974 1338 3042 οὗ
1369 2975 1426 3059 τήν

307 3067 431 3142 ποίησιν
452 3064 600 3127 πλατύνει
621 3111 628 3124 .
651 3060 670 3144 ή
693 3062 752 3145 γὰρ
775 3067 977 3147 πολύτροπος
1006 3075 1064 3130 τοῦ
1086 3067 1252 3144 Ὀδυσσέως
1281 3072 1425 3149 περίοδος

398 3256 419 3325 ¹)
438 3256 472 3313 el.
491 3275 518 3326 p.
537 3259 580 3313 82.

397 3345 418 3414 ²)
437 3345 660 3420 ὑπεξαίρεσις,
694 3365 775 3417 quam
799 3351 894 3406 eodem
922 3351 981 3405 loco
1005 3351 1222 3408 Fortunatianus
1245 3353 1366 3421 profert,
1394 3353 1423 3409 in

307 3417 417 3472 scholiis
437 3434 544 3486 quoque
564 3420 693 3488 occurrit,
714 3421 762 3476 sed
774 3424 856 3491 plane
870 3423 978 3478 diverso
992 3439 1082 3479 sensu.
1123 3425 1338 3480 Fortunatianus
1351 3424 1423 3481 enim

307 3490 407 3543 statuit
425 3505 485 3544 esse
504 3490 678 3562 ὑπεξαίρεσιν,
698 3509 757 3547 cum
777 3494 882 3560 aliquid
900 3494 927 3548 in
941 3495 1049 3550 actione
1063 3495 1250 3551 subtrahimus
1264 3497 1319 3550 doli
1332 3513 1422 3554 causa.

305 3560 337 3613 In
357 3561 469 3616 scholiis
488 3569 580 3618 autem
600 3571 752 3631 usurpatur
770 3565 803 3620 de
821 3566 911 3634 figura
930 3566 978 3621 illa
998 3568 1162 3631 sententiae,
1182 3584 1262 3634 quam
1282 3569 1423 3637 explicant

305 3631 383 3686 Alex.
405 3632 453 3698 ΙΙΙ,
469 3635 510 3701 16,
529 3636 563 3689 21
578 3636 631 3703 Sp,
652 3636 717 3690 Zon.
732 3636 782 3701 ΙΙΙ,
804 3638 863 3704 162,
880 3641 891 3690 Ι
906 3637 960 3706 Sp,
980 3655 1058 3693 anon.
1078 3639 1128 3705 ΙΙΙ,
1150 3640 1208 3704 175,
1223 3641 1255 3693 17
1270 3639 1314 3708 Sp.
1347 3640 1422 3707 Quae

304 3702 349 3766 fit,
370 3704 393 3758 si
411 3720 558 3773 personam
576 3708 623 3762 vel
640 3724 698 3762 rem
719 3709 854 3774 quendam
878 3709 1028 3777 excipimus
1048 3727 1082 3763 cx
1106 3711 1282 3766 multitudine
1307 3728 1338 3766 eo
1358 3729 1421 3767 con-

306 3774 376 3842 silio,
395 3781 428 3830 ut
447 3777 479 3829 de
499 3793 532 3832 es
550 3794 666 3847 agamus
679 3795 711 3833 eo
725 3779 828 3834 maiore
840 3782 988 3849 gravitate.
1026 3782 1059 3837 cf.
1073 3797 1096 3837 e.
1110 3799 1136 3851 g.
1156 3784 1180 3833 A
1196 3785 1243 3838 17:
1261 3781 1421 3852 Ἀτρεΐδαι

305 3864 339 3895 τε
358 3851 410 3897 καὶ
428 3845 524 3899 ἄλλοι
543 3847 880 3923 ἐνκνημίδεςἊχαιοί]
901 3853 1002 3904 εἴωθεν
1014 3850 1206 3924 ὃὲῦπεξαίρειν
1218 3853 1253 3905 ταὶ
1266 3872 1287 3906 π
1304 3855 1421 3920 οὕχοντα

303 3917 432 3987 πρόσωπα
451 3918 486 3974 ὡς
504 3918 536 3972 τὸ
560 3923 665 3992 Τρῶές
683 3941 717 3973 τε
736 3927 789 3973 καὶ
805 3922 942 3996 Ἕκτορα
962 3925 997 3996 (Ν
1011 3927 1044 3994 Ι).
1077 3925 1108 3976 Ν
1118 3928 1131 3979 l
1151 3924 1269 3986 ὑπεξεῑίε
1287 3874 1318 3978 db
1336 3926 1421 3979 αὐτὸν

303 3990 352 4059 (sc.
372 3989 530 4056 Hectorem)
550 3989 610 4057 ἰδίᾳ.
647 3993 712 4046 ΒΤ.

394 4079 416 4149 ⁸)
434 4097 461 4148 p.
482 4081 541 4134 126.
580 4081 629 4136 Oui
653 4082 763 4137 Striller
787 4100 813 4153 p.
837 4087 871 4138 43
895 4084 1004 4153 obloqui
1027 4103 1081 4142 non
1107 4086 1230 4156 videtur,
1256 4104 1420 4156 quamquam

304 4153 381 4206 certe
400 4151 560 4208 testimonia
578 4153 659 4209 huius
678 4154 794 4226 originis
813 4172 867 4211 non
885 4161 1004 4213 exstant.

392 4239 415 4312 ¹)
433 4242 467 4296 31
486 4242 561 4297 locos
579 4244 732 4300 numerari.

393 4330 417 4398 ⁵)
435 4329 561 4386 πιθανῶς
580 4361 613 4372 -
632 4332 735 4406 ἐκφέρει
752 4333 783 4390 Β.

393 4418 416 4490 ⁶)
433 4417 562 4491 περιττέν
580 4421 610 4477 Β.
