3390 5140
751 472 791 482 -
842 437 903 497 ros
951 471 992 480 --

311 617 506 678 cumstantias
530 625 645 696 septem
670 634 734 676 esse
754 615 852 675 voluit
866 615 1069 693 Hermagoras
1093 614 1219 674 testibus
1235 615 1428 695 Hermogene

295 705 349 776 de
379 707 512 770 inv.·HI
537 707 590 786 (11,
617 709 689 786 212,
717 709 755 767 17
782 701 861 788 Sp),
894 705 1110 764 Fortunatiano
1138 707 1209 781 103,
1238 708 1252 764 l
1277 705 1332 778 Η.,
1365 707 1427 764 Au-

311 797 432 876 gustino
466 799 538 870 141,
574 797 612 856 19
638 795 676 858 Η.
700 815 739 858 sc.
765 791 882 868 τόπον,
912 790 1048 876 χρόνον,
1080 790 1210 872 τρόπον,
1242 789 1425 872 πρόσωπον,

311 887 420 960 αἰτίαν,
434 890 583 963 πρᾶγμα,
608 877 697 962 ὕλην.
743 883 802 944 Sed
819 885 939 944 minime
954 894 1091 964 oportere
1106 903 1207 944 omnes
1222 881 1428 962 περιστάσεως

311 984 413 1056 partes
437 975 468 1034 in
492 976 544 1034 uni
568 993 659 1035 causa
690 973 794 1035 adesse
818 972 912 1033 tradit
934 970 1161 1056 Augustinus.1)
1207 973 1316 1054 Itaque
1338 974 1428 1054 plane

312 1085 378 1125 cum
402 1065 610 1142 Hermagorae
633 1063 768 1124 doctrina
791 1063 938 1135 convenit,
970 1081 1050 1144 quae
1074 1062 1111 1121 ad
1136 1068 1190 1123 Al
1218 1061 1255 1123 ds
1278 1065 1427 1143 prooemio

213 1161 215 1166 '
311 1153 414 1214 Iliadis
454 1155 587 1234 exposita
620 1162 702 1213 sunt:
748 1149 808 1228 ἔχει
846 1153 878 1213 δὲ
910 1147 984 1225 τοίς
1018 1150 1334 1230 <γενι>ιιιοτὰτονς
1364 1153 1428 1214 τῶν

312 1239 420 1305 τόπων
454 1239 489 1304 τὸ
522 1247 707 1321 προοίμιον·
742 1238 858 1320 πόσον·
891 1239 1048 1315 πολλάς·
1083 1239 1193 1314 ποιὸν·
1230 1245 1426 1316 ἰφθίμους·

312 1329 436 1406 οὐσίαν·
458 1329 599 1409 ψυχάς·
624 1328 740 1404 τόπον;
761 1321 866 1392 “nstv
891 1329 1026 1409 χρόνον;
1049 1334 1248 1410 προίατρεν.
1274 1329 1339 1416 B.²)

399 1425 463 1482 Iam
480 1425 623 1482 uenimus
646 1423 688 1488 ad
710 1422 970 1489 constitutionem
993 1443 1116 1490 causae.
1163 1421 1232 1497 Qua
1259 1421 1296 1480 de
1320 1441 1427 1502 quaes·

310 1513 392 1572 tione
409 1511 593 1588 difficillima,
619 1531 685 1570 oum
701 1511 781 1570 haud
806 1531 882 1585 raro,
907 1531 985 1592 quae
1008 1513 1167 1572 memoriae
1191 1510 1229 1571 de
1251 1531 1287 1571 ea
1310 1510 1429 1592 prodita

311 1611 391 1676 sunt,
416 1601 465 1660 vel
488 1601 616 1660 obscura
636 1602 695 1660 sint
711 1601 759 1660 vel
775 1601 852 1660 inter
867 1621 900 1660 se
922 1611 1069 1681 pugnent,
1094 1600 1237 1660 hocloco
1260 1606 1429 1661 accuratius

311 1711 372 1751 non
395 1699 517 1750 acturus
547 1709 611 1751 sum
635 1691 739 1771 paucis
770 1691 830 1750 illis
862 1700 1030 1762 contentus,
1054 1711 1142 1772 -quae
1173 1692 1204 1751 in
1227 1691 1347 1750 scholiis
1370 1691 1429 1750 Ho-

310 1781 427 1840 mericis
451 1781 596 1860 exemplis
620 1775 868 1858 confirmantur.⁸)

400 1871 454 1931 Hx·
468 1883 610 1952 quattuor
632 1871 761 1930 statibus
784 1869 999 1950 principalibus
1020 1871 1115 1951 primo
1138 1869 1204 1928 loco
1220 1871 1342 1950 ponitur
1357 1891 1429 1937 cort·

302 1960 479 2038 Ιτὀρίιινιιίἰπ
497 1956 713 2044 (οτοχασμός),
732 1980 798 2019 cum
814 1958 855 2034 id,
880 1958 961 2040 quod
977 1959 1016 2019 ab
1031 1960 1090 2019 alio
1107 1960 1244 2033 obicitur,
1269 1959 1307 2019 ab
1324 1959 1428 2020 adver-

311 2052 388 2110 sario
412 2062 597 2130 pernegatur
620 2059 649 2109 et
672 2052 839 2130 quaeritur,
863 2059 961 2108 utrum
985 2069 1055 2109 reus
1078 2049 1193 2108 facinus
1214 2051 1430 2129 perpetraverit

311 2159 416 2200 necne.
479 2138 632 2201 Eiusmodi
662 2139 745 2197 litem
777 2139 931 2198 Vulcanus
967 2141 998 2199 in
1029 2139 1125 2218 clipeo
1157 2139 1283 2199 Achillis
1314 2139 1430 2200 effinxit

311 2233 414 2290 2497
440 2249 505 2308 sqq.
551 2230 633 2288 Duos
667 2230 745 2288 enim
770 2227 904 2287 homines
927 2237 1073 2288 certantes
1096 2229 1175 2301 fecit,
1208 2249 1279 2290 num
1302 2231 1430 2309 pecunia

311 2319 409 2378 soluta
433 2329 519 2392 esset,
545 2337 636 2396 quam
660 2317 736 2375 alter
758 2315 844 2376 alteri
865 2315 1010 2392 debebat,
1043 2319 1114 2398 quia
1141 2319 1205 2377 eius
1228 2321 1429 2399 propinquum

310 2408 511 2468 interfecerat.
558 2407 644 2465 Alter
676 2405 804 2464 affirmat
833 2425 866 2466 se
897 2407 996 2466 omnia
1019 2407 1208 2487 pependisse,
1241 2407 1316 2468 alter
1339 2417 1431 2483 negat

310 2517 342 2566 se
358 2495 524 2577 quidquam
540 2496 698 2576 accepisse.
745 2497 867 2567 Minime
890 2497 983 2576 igitur
1005 2498 1165 2556 scholiasta
1188 2517 1206 2556 a
1229 2499 1355 2558 veritate
1378 2499 1429 2558 ab·

310 2595 399 2668 errat,
424 2587 477 2664 qui
500 2583 624 2646 adnotat
647 2583 684 2643 ad
708 2584 763 2644 hoe
787 2605 904 2646 versus:
931 2584 993 2648 dors
1018 2587 1050 2648 dl
1074 2583 1092 2666 ἡ
1113 2583 1216 2659 στάσις
1238 2601 1429 2665 καταστοχα-

310 2669 397 2752 στικὴ
420 2674 559 2748 τοῦμὲν
582 2674 729 2752 λὲγοντος
752 2675 920 2737 δεδωκέναι
944 2673 999 2753 τίρν
1022 2674 1145 2754 ποινήν,
1178 2682 1237 2737 τοῦ
1260 2679 1293 2738 δὲ
1317 2674 1430 2756 ἀρνου-

310 2764 407 2838 μένου
430 2764 584 2842 εἰληφέναι
608 2761 677 2847 [τὴν
699 2761 866 2849 ποινήν],*)
890 2761 928 2842 ἣν
952 2766 1143 2844 παρέχοντες
1164 2761 1301 2843 ’ἔφευγον
1324 2763 1359 2829 τὸ
1383 2765 1429 2844 ἔγ-

310 2860 411 2931 κλημα
435 2854 492 2916 τοῦ
516 2852 628 2931 φόνον.
654 2851 749 2938 ΒἹΨ)

400 2945 485 3006 Alius
508 2954 614 3018 status,
647 2947 731 3005 cuius
762 2947 794 3005 in
817 2945 937 3004 scholiis
968 2947 1078 3006 mentio
1110 2946 1143 3005 fit
1167 2955 1210 3006 est
1233 2947 1430 3015 iuridicialis

313 3029 544 3116 (dracontario),
569 3053 635 3094 oum
658 3033 695 3094 de
714 3035 792 3094 facto
809 3036 957 3108 convenit,
983 3034 1035 3094 sed
1051 3036 1116 3096 iure
1132 3055 1171 3094 an
1186 3037 1296 3096 iniuria
1319 3038 1430 3098 factum

310 3126 358 3198 sit,
383 3126 553 3204 quaeritur3
578 3121 678 3183 studet
698 3125 792 3200 igitur
817 3143 886 3183 reus
902 3122 1115 3198 demonstrare,
1141 3127 1289 3205 quaesibi
1315 3127 1430 3186 crimini

312 3212 430 3291 dentur,
455 3213 581 3273 honesta
603 3231 678 3287 esse,
712 3213 790 3292 quod
815 3234 874 3272 non
897 3214 993 3273 solum
1016 3215 1048 3274 in
1070 3213 1187 3274 iudiciis
1211 3215 1263 3275 sed
1287 3218 1376 3276 etiam
1398 3219 1430 3276 in

312 3302 460 3364 cotidiana
484 3305 546 3361 vita
570 3301 651 3362 haud
674 3322 741 3362 raro
765 3305 884 3363 evenire
908 3305 1096 3363 manifestum
1120 3314 1173 3365 est.

400 3393 469 3452 Huc
491 3394 623 3472 pertinet
646 3393 749 3468 oratio,
775 3412 836 3472 qua
859 3391 987 3473 Calypso
1013 3404 1136 3453 conatur
1160 3393 1363 3456 demonstrare
1385 3398 1427 3455 in·

248 3539 250 3543 ,
311 3483 389 3542 iuria
405 3484 506 3542 Iovem
530 3482 677 3561 flagitare,
702 3491 736 3540 ut
752 3482 872 3543 Ulixem
889 3482 1027 3556 dimittat,
1053 3502 1141 3563 quem
1162 3486 1335 3557 servaverit,
1361 3506 1427 3545 cum

311 3572 477 3650 naufragus
500 3573 579 3633 Iovis
610 3572 729 3648 fulgore
758 3573 835 3632 ictus
864 3574 895 3631 in
927 3593 1008 3632 oram
1036 3571 1175 3651 Ogygiae
1205 3575 1348 3654 appulsus
1378 3577 1426 3648 sit,

313 3681 402 3741 quem
427 3662 578 3721 beneficiis
603 3661 800 3722 cumulaverit
823 3670 852 3721 et
868 3663 915 3722 cui
931 3663 1099 3742 promiserit
1121 3682 1153 3720 se
1177 3664 1204 3720 ci
1220 3665 1310 3722 etiam
1333 3665 1427 3724 multa

396 3817 423 3886 ·¹)
441 3834 474 3900 p..
489 3819 582 3942 lctlfifl1
596 3818 643 3872 H.:
662 3819 758 3902 horum
772 3824 865 3874 autam
879 3819 998 3874 omnium
1017 3823 1067 3873 out
1084 3818 1263 3887 plurimorum
1282 3819 1426 3875 rationalis

313 3895 847 4029 oongrltgastlhililhralguhhhtdoldmsh
869 3963 908 4016 sic
932 3963 1137 4032 exprimuntur,
1160 3967 1194 4018 ut
1217 3969 1311 4020 textus
1335 3963 1426 4020 verbis

311 4029 419 4120 notras,
439 4032 577 4124 {milwe
596 4033 698 4122 uvxdo
709 4029 784 4092 Ἄιδι,
803 4041 938 4105 apotecas
957 4037 1146 4106 suprascripta
1160 4037 1216 4092 sint
1233 4036 1317 4093 verba
1333 4037 1427 4096 πόσον,

311 4121 521 4244 nocomapoprlppg
537 4121 757 4232 Hodhhh’thhhhvdh
774 4177 894 4233 statibus
917 4177 1054 4249 proferat,
1076 4180 1205 4235 hocloco
1225 4195 1256 4235 eo
1275 4179 1365 4235 minus
1383 4195 1427 4236 re·

312 4247 490 4320 spiciendum,
509 4264 571 4303 cum
590 4263 625 4331 err
642 4249 825 4319 Hermogenis
844 4258 905 4306 arte
923 4251 1042 4320 pendere
1060 4250 1195 4308 videatur.

401 4319 414 4352 ⁴
443 4319 549 4376 delevit
566 4319 809 4378 eramowitzius.

403 4391 414 4426 ⁵
443 4391 476 4449 ct
495 4391 614 4463 Lipsius,
633 4392 706 4451 stud
724 4393 799 4464 Lips.
818 4393 883 4463 XII,
902 4393 962 4451 225.
