3356 5150
712 460 928 520 -11-

264 644 414 699 πλουτῶν
431 627 470 698 οὗ
486 636 600 716 φρόσαι
617 634 752 710 ἀμείνων
768 632 877 709 ούδεὶς,
903 632 921 698 ό
938 632 1131 698 διασκευάσαι
1148 631 1333 711 δεινότατος,
1358 631 1377 698 ό

262 725 462 806 διηγήσασθαι
485 725 713 799 πιθανώτατος,
736 723 753 786 ό
773 723 871 804 πάσης
892 727 946 803 τῆς
967 725 1001 788 ἐν
1024 726 1129 803 λόγοις
1151 728 1258 804 τέχνης
1281 732 1376 804 καθη-

263 813 364 896 γητὴς,
388 816 422 892 ἐξ
446 805 484 877 ού
508 813 558 876 οἷό
575 838 658 890 τινος
681 814 823 876 ὠκεανοῦ
838 813 951 888 πάντες
966 819 1101 889 ποταμοὶ
1117 819 1167 876 καὶ
1184 817 1278 877 πᾶσαι
1294 821 1376 892 λογι-

261 908 328 968 κῶν
354 902 502 979 μεθόδων
530 909 638 983 πηγαὶ,
669 900 755 978 ὅμως
783 900 951 978 ούδάύτός
978 905 1104 982 ἐξέφυγε
1133 903 1377 984 παρτγγρὰπτου

261 991 386 1074 κοινόν
409 1001 594 1072 συναναστ-

286 1133 288 1137 .
350 1085 486 1144 [officitur
508 1104 607 1144 autem
631 1083 726 1161 λόγος
747 1081 906 1156 πολιτικός
927 1087 1016 1152 ialam
1037 1086 1193 1152 mixtione
1212 1094 1243 1144 et
1266 1094 1376 1164 tempe·

262 1177 378 1234 ratione
401 1182 515 1258 septem
538 1175 655 1234 illerum
673 1177 828 1246 ιἰδομγιιηι,
853 1195 928 1254 quas
943 1175 1149 1253 Hermogenes
1166 1175 1278 1235 statuit.
1319 1173 1377 1232 Ne·

261 1283 321 1344 qne
334 1264 450 1324 desistit
462 1265 569 1324 iterum
585 1266 753 1345 iterumque
770 1285 890 1324 monere
906 1264 1074 1342 elegantem
1092 1262 1243 1324 scribendi
1259 1262 1376 1324 modum

261 1355 331 1413 oriri
353 1362 469 1413 tantum
494 1374 532 1412 ex
556 1356 668 1433 optima
701 1353 835 1415 idearum
860 1355 1073 1434 compositione
1084 1350 1117 1432 ¹),
1155 1373 1281 1433 quarum
1305 1373 1377 1413 non·

262 1442 362 1503 nullae
385 1446 503 1503 omnino
526 1465 587 1502 non
610 1443 823 1522 admittuntur,
848 1445 906 1503 nisi
929 1463 996 1504 cnm
1020 1443 1085 1502 aliis
1110 1444 1295 1504 coniunctae.
1342 1443 1378 1502 In

260 1533 306 1592 his
329 1532 522 1592 enucleandis
546 1534 608 1592 fere
633 1543 713 1593 totus
735 1534 785 1594 ille
808 1531 921 1614 pendet
937 1553 976 1593 ex
990 1532 1201 1613 Demosthene,
1226 1541 1260 1592 ut
1275 1551 1378 1592 omnes

259 1622 435 1682 elocutionis
459 1625 585 1682 virtutes
611 1623 820 1683 Demosthenis
844 1622 980 1702 exemplo
1004 1622 1167 1702 explanare
1194 1620 1332 1682 videatur
1341 1616 1377 1704 ²).

261 1711 329 1786 Qua
351 1713 383 1770 in
405 1733 438 1772 re
462 1721 581 1792 praeter
596 1712 827 1772 Demosthenem
843 1713 956 1772 nemini
973 1713 1172 1792 principatum
1189 1710 1297 1772 tribuit
1319 1712 1377 1771 nisi

258 1801 404 1877 Homer03
421 1802 457 1861 cf.
473 1824 501 1880 p.
515 1803 590 1875 317,
609 1801 708 1880 hspr
726 1797 878 1880 δυσχερὴς
894 1803 926 1862 δὲ
941 1797 959 1878 ἡ
976 1803 1067 1876 μῖξις,
1084 1804 1136 1862 καὶ
1148 1796 1261 1877 σχεδόν
1277 1795 1378 1872 οὐδεὶς

260 1885 344 1950 odeo>
373 1891 477 1962 καλῶς
507 1885 581 1950 οὐδὲ
612 1895 678 1950 τῶν
701 1888 842 1968 ἀρχαίων
865 1885 945 1966 αὐτῇ
968 1890 1126 1968 κέχρηται,
1159 1887 1202 1962 ιός
1230 1887 1247 1950 ό
1271 1886 1376 1968 ῥητωρ

258 1977 334 2052 μετά
355 2001 389 2056 γε
403 1971 553 2059 (Όμηρον
578 1980 730 2040 Eustathii
745 1981 835 2054 locos,
861 1979 971 2059 quibus
987 1979 1067 2040 idem
1088 1979 1181 2054 docet,
1206 1978 1285 2038 infra
1307 1999 1377 2057 cog·

259 2089 415 2129 noscemus
424 2065 457 2148 ³).

349 2159 425 2217 Sunt
447 2167 546 2218 autem
569 2157 655 2219 ideae
678 2159 748 2219 illae
771 2159 846 2218 hae:
874 2156 1029 2236 σαφηναια
1057 2159 1190 2238 (claritas
1211 2153 1376 2239 orationis),

258 2248 390 2323 μέγεθος
410 2247 620 2325 (magnitudo),
645 2247 759 2322 κάλλος
775 2245 1005 2333 (pulchritudo),
1031 2245 1184 2325 γοργότης
1200 2243 1374 2328 (celeritas),

259 2331 337 2414 ἦθος
360 2337 518 2416 (habitus),
550 2332 678 2415 ἀλήθεια
703 2339 854 2417 (veritas),
887 2337 1024 2416 δεινότης
1048 2338 1107 2416 (vis
1131 2346 1160 2396 et
1186 2338 1282 2396 virtus
1310 2356 1375 2398 ora·

256 2429 345 2487 tionis
367 2422 403 2504 ⁴).

345 2422 430 2576 hlias
454 2517 573 2576 illarum
597 2513 732 2577 idearum
755 2519 863 2577 iterum
888 2516 994 2576 dividit
1017 2518 1049 2576 in
1071 2517 1196 2601 species,
1221 2515 1299 2576 aliae
1314 2536 1376 2576 non

258 2604 440 2670 dividuntur.
486 2607 533 2666 Ita
561 2610 727 2683 σαφηνείας
754 2615 854 2686 partes
884 2615 952 2667 sunt
975 2603 1155 2684 καθαρότης
1178 2601 1321 2689 (puritas)
1346 2617 1377 2666 et

257 2691 409 2774 salapinae
434 2695 660 2776 (perspicuitas)
670 2692 711 2778 ⁶),
735 2696 887 2772 μεγέθους
906 2706 1008 2777 partes
1031 2694 1181 2773 σεμνότης
1203 2695 1374 2776 (gravitas),

258 2781 412 2862 τραχύτης
429 2783 612 2866 (asperitas),
630 2782 805 2864 σφοδρότης
820 2786 1042 2866 (vehementia),
1066 2781 1247 2864 λαμπρότης
1263 2783 1375 2866 (splen-

258 2872 336 2952 dor),
373 2868 453 2951 ἀκμὴ
485 2873 613 2957 (vigor),
657 2871 806 2956 περιβολὴ
847 2875 1049 2960 (exaggerata
1080 2869 1240 2960 orati0)⁰);
1276 2869 1376 2951 ἤθους

257 2971 360 3042 partes
397 2959 520 3038 ἀφέλεια
557 2961 774 3046 (simplicitas),
815 2962 971 3043 γλυκύτης
1008 2962 1184 3049 (suavitas),
1228 2960 1376 3041 δριμύτης

260 3049 459 3135 (acrimonia),
484 3052 623 3114 ἐπιεικεια
648 3050 829 3136 (modestia),
854 3055 992 3132 βαρύτης
1016 3054 1176 3134 (gravitas)
1200 3056 1220 3132 ).

346 3142 525 3203 Efficiuntur
548 3145 642 3221 igitur
656 3145 688 3203 in
703 3146 876 3205 universum
896 3149 933 3206 17
952 3143 1041 3206 ἰδέαιε
1066 3140 1252 3220 καθαρότης,
1278 3136 1375 3219 εὐκρί-

255 3252 329 3304 νεια,
347 3229 506 3310 σεμνότης,
523 3231 689 3310 τραχύτης,
707 3232 893 3311 σφοδρότης,
905 3231 1096 3311 λαμπρότης,
1111 3226 1201 3314 ἀκμὴ,
1215 3227 1373 3308 περιβολὴ,

256 3317 379 3394 καλλος,
405 3320 568 3401 γοργότης,
594 3317 726 3398 ἀφέλεια,
752 3321 913 3401 γλυκύτης,
940 3322 1096 3401 δριμύτης,
1121 3320 1277 3393 ἐπιείκεια,
1302 3314 1374 3398 ἀλη-

255 3413 333 3482 θεια,
358 3407 502 3489 βαρύτης,
528 3410 676 3489 δεινότης.
1082 3403 1085 3410 ’

344 3497 418 3560 Cum
443 3511 543 3561 autem
567 3502 632 3582 ipsa
656 3504 750 3561 oratio
776 3504 799 3568 8
822 3504 973 3570 elementa
1002 3503 1166 3574 contineat,
1198 3520 1236 3559 ex
1265 3498 1375 3579 quihus

255 3585 428 3668 efficitur-⁸),
461 3589 591 3651 indolem
615 3601 644 3651 et
667 3602 806 3653 naturam
829 3593 1065 3671 uniuscuiusque
1090 3587 1225 3650 idearum
1250 3589 1375 3650 Hermo·

253 3709 466 3726 *—

345 3766 366 3833 ¹)
386 3763 420 3842 ct
435 3780 458 3848 e.
472 3782 499 3849 g.
513 3767 549 3834 ΙΙ,
564 3769 674 3832 asath
694 3769 760 3833 271;
777 3767 868 3836 279,5;
888 3769 967 3835 317,7
981 3767 1026 3835 Sp.
1048 3772 1077 3821 et
1094 3766 1195 3820 multos
1209 3764 1278 3820 alios
1290 3764 1374 3833 locos,

344 3835 366 3940 ἰ)
387 3836 420 3889 cf.
437 3853 526 3919 ρρειρτ
545 3839 638 3905 verba,
658 3840 695 3922 lI,
715 3840 767 3924 26(
788 3855 826 3906 sq.
848 3839 893 3908 Sp.
1176 3911 1197 3927 Η
1342 3921 1345 3928 .

356 3908 458 3977 )Satrs
484 3917 521 3963 srt
548 3912 665 3980 exemph
690 3917 785 3981 gratia
809 3911 908 3966 afferre
936 3911 966 3962 N
981 3912 1033 3965 631
1061 3909 1150 3980 (951),
1171 3927 1193 3958 s
1213 3910 1263 3963 161
1291 3909 1374 3979 (973),

257 3981 281 4030 P
295 3980 476 4156 ffiotllcllffill,
496 4053 594 4114 268‚·20
613 4053 657 4122 Sp.

346 4125 369 4258 ι
386 4123 422 4248 r·
435 4124 531 4250 κα·

347 4265 423 4335 ⁷)ib.
443 4267 503 4321 ³50.

254 4405 284 4462 Π
314 4336 509 4482 πθέὃὲρξαὲρ)
532 4337 578 4406 qui
618 4355 783 4410 cognoscere
812 4340 922 4410 studet,
955 4340 1039 4396 adeat
1062 4340 1153 4412 iprum
1172 4340 1374 4412 Hermogenem

285 4448 291 4473 ‚
370 4449 377 4478 ‚
513 4451 519 4466 .
