3390 5140
783 445 1002 504 ..60-

335 620 532 700 στράπτοντα
558 667 564 683 .
584 668 615 685 ..
642 625 668 682 εί
688 621 730 701 μή
754 632 799 696 τις
818 618 899 682 είποι
915 634 984 695 ταῖς
999 617 1188 702 άστραπταῖς
1203 627 1451 684 συνεπινοεῖσθαι

334 707 412 772 κατά
435 709 628 790 γοργάτητος
649 716 700 772 καί
723 709 777 784 τάς
798 707 954 790 βροντάς.
968 713 1017 795 P,

424 808 444 863 Ι
456 806 515 864 157
541 798 620 862 κατά
643 798 820 879 γοργότητα
844 798 1018 874 κομματικὰ
1041 797 1081 862 τά
1103 799 1160 878 ἒπη
1184 798 1286 876 ἐπάγει
1300 846 1307 860 .
1320 801 1370 884 P,

423 898 453 952 K
464 893 526 952 283
536 888 740 969 ἀφελέστερον
753 886 932 968 ἀιίιομίγδης
944 885 1022 966 ὑπέρ
1035 885 1134 951 αὐτοῦ
1145 890 1247 963 μόνου
1260 884 1393 965 εύχεται.
1401 890 1450 974 P,

426 982 527 1042 mooe
553 975 665 1059 ἀφελὴς
696 975 714 1059 ἡ
743 979 879 1052 διάθεσις
906 983 957 1040 καὶ
986 975 1028 1056 μίγ
1058 979 1217 1058 πρέπουσα
1249 982 1370 1056 γυναικὶ
1400 982 1451 1040 καί

333 1065 465 1142 μάλιστα
487 1070 637 1151 παρθένῳ
652 1119 658 1134 .
672 1071 735 1131 ΒΤ.
760 1069 923 1130 Leidensis.

423 1180 443 1219 α
457 1163 496 1220 59
522 1159 618 1220 τούτο
642 1160 675 1220 δέ
698 1159 780 1220 ἐστιν
803 1155 899 1234 λύγος
921 1155 1062 1234 ἔμψυχος
1084 1161 1134 1218 καί
1157 1154 1332 1236 γλυκύςχ.

423 1252 530 1310 111398
563 1245 600 1310 τὸ
629 1248 677 1309 ἐπί
704 1261 773 1322 τοῖς
796 1245 1010 1326 ἀπροαιρέτως
1033 1247 1151 1308 τιθέναι
1174 1250 1355 1326 προαίρεσιν
1378 1251 1451 1322 γλυ-

333 1333 436 1415 κύτης.
483 1339 564 1418 Lips.

423 1431 526 1488 K360
551 1425 664 1505 είρηται
688 1428 720 1487 δὲ
743 1420 846 1500 οὕτως
876 1426 923 1488 έπί
954 1421 1081 1502 ἀλόγων
1111 1423 1189 1486 κατά
1216 1423 1315 1503 λόγον
1338 1424 1450 1502 γλυκύ-

334 1536 425 1593 τητος
438 1517 508 1577 .Ρ.

423 1563 525 1668 Knho
555 1611 611 1668 τοῦ
634 1605 667 1680 ἐξ
690 1601 861 1668 ἀσυνδέτου
884 1600 1085 1686 ἀποστατικῷ
1108 1603 1240 1682 σχήματι
1263 1602 1447 1666 ἐνδιάθετον

333 1695 471 1770 ἐμφαίνει
487 1700 533 1777 τῷ
549 1692 690 1772 Διομήδει
710 1692 767 1756 τὸν
783 1691 882 1771 λόγον
896 1692 976 1755 κατά
991 1717 1019 1754 τι
1034 1694 1142 1768 θαῦμα
1157 1692 1383 1772 ἐκπληκτικὸν.
1399 1695 1449 1779 P,

422 1789 501 1846 1382
527 1790 622 1846 τοῦτο
645 1788 696 1845 καί
719 1779 737 1846 ἀ
760 1779 904 1858 βασιλεύς
918 1782 1012 1857 εἶπεν,
1037 1779 1116 1844 ἀλλά
1132 1779 1197 1845 κατ’
1224 1787 1382 1862 εἰρωνείαν
1399 1787 1450 1844 καί

334 1873 366 1950 ἐξ
389 1873 539 1948 ἐναντίας,
565 1871 582 1936 δ
607 1876 639 1936 δέ
662 1874 791 1951 Νέστωρ
814 1873 1000 1947 ένδιαθέτως
1013 1923 1018 1934 .
1032 1875 1082 1955 P,

421 1967 472 2039 βλ
478 1968 495 2024 3
519 1961 655 2042 βαρύτης
677 1966 733 2036 μέν
756 1959 816 2041 γάρ
845 1959 1005 2041 ὀνειδίζων
1034 1964 1092 2036 μὲν
1115 1958 1134 2022 ἀ
1156 1960 1276 2039 πάσχει,
1307 1959 1451 2023 ἱκετεύειν

334 2055 367 2114 δὲ
390 2059 619 2131 συγχωρεῖσθαι
642 2048 730 2135 αὐτῷ
753 2060 819 2116 κτλ.
840 2054 869 2112 h.
887 2053 914 2114 d.

422 2147 518 2218 3320
544 2140 580 2204 τὸ
603 2137 651 2215 ὥς
681 2139 724 2202 νύ
748 2163 821 2204 που
848 2137 963 2215 ὔμμιν
993 2141 1138 2203 ἐείσατο
1173 2141 1324 2217 κέρδιον
1354 2138 1450 2202 εἶναι

334 2228 392 2293 σύν
414 2228 562 2310 βαρύτητι
593 2230 708 2310 είρηται
737 2231 884 2308 λέγοντος
915 2237 973 2292 τοῦ
1002 2227 1190 2310 Τηλεμάχου,
1223 2221 1270 2292 ὅτι
1300 2229 1334 2292 ἐν
1358 2225 1450 2292 ἀλλο-

333 2326 402 2400 τρίη
425 2323 616 2394 πλευσούμαι
639 2323 709 2397 νηί.
723 2321 751 2383 h.
771 2341 799 2401 q.
816 2343 840 2383 r.

422 2416 452 2470 K
464 2415 503 2471 91
537 2405 573 2470 τύ
604 2407 761 2486 πλάζομαι
790 2409 912 2488 βαρέως
943 2409 1080 2488 εἴληπται
1188 2402 1292 2483 άλλως
1321 2406 1380 2488 γάρ
1412 2406 1451 2470 ού

332 2505 488 2561 πλανᾶται
511 2496 529 2560 δ
552 2495 695 2574 βασιλεὺς
717 2495 806 2572 εἰδώς
828 2494 901 2562 ὅποι
924 2497 1042 2578 ἔρχεται
1066 2500 1117 2584 P,
1386 2567 1388 2572 ,

427 2593 528 2651 0404
552 2583 629 2667 ἦθος
652 2591 703 2650 καὶ
723 2592 862 2667 εἰρωνεία
878 2594 928 2650 καί
942 2588 1041 2666 βάρος
1055 2583 1125 2662 μεθ’
1144 2583 1336 2667 ἀποκρίσεως
1352 2583 1449 2650 αύτού

333 2674 371 2739 τά
394 2673 632 2755 ὁμολογουμένοι
654 2679 920 2751 πυνθανουμένου
935 2724 942 2739 .
955 2679 1019 2739 ΒΤ.

422 2773 524 2830 Α225
548 2764 587 2829 τὸ
609 2769 710 2846 σχῆμα
733 2767 890 2848 βαρύτης.
905 2768 957 2852 (ΞΒ.

409 2862 448 2918 -A
461 2861 524 2920 235
549 2853 588 2918 τὸ
611 2858 713 2936 σχῆμα
736 2854 881 2936 ἐπαγωγὴ
904 2861 955 2922 καί
970 2861 1149 2932 βεβαίωσις·
1174 2854 1192 2918 ὃ
1216 2858 1248 2918 δέ
1265 2862 1341 2929 νοῦς
1354 2854 1450 2935 βαρύσ

334 2947 474 3027 της.6.
1492 2949 1494 2954 ’

422 2993 503 3113 thd
529 3038 623 3115 igitur
649 3037 800 3098 lucramur
828 3057 867 3097 ex
896 3037 952 3097 hoc
983 3035 1163 3116 conspectu?
1210 3037 1311 3096 Primo
1343 3036 1452 3096 obtutu

333 3127 401 3186 luce
425 3126 533 3186 clarius
557 3135 601 3186 est
624 3147 664 3186 ex
687 3127 807 3187 scholiis
829 3126 888 3185 illis
906 3127 1095 3186 Eustochium
1115 3146 1171 3186 suc
1194 3125 1369 3206 depromere
1390 3146 1450 3185 om·

333 3218 404 3276 nino
428 3235 489 3275 non
511 3217 656 3294 poluisse,
689 3237 757 3276 nam
781 3225 811 3277 et
834 3236 957 3276 numero
981 3225 1012 3276 st
1034 3216 1135 3276 verbis
1159 3217 1375 3294 sententiisque
1399 3235 1450 3274 ex-

333 3305 418 3364 iliona
441 3315 533 3384 atque
555 3305 660 3366 viliora
683 3315 761 3379 sunt,
786 3326 877 3385 quam
900 3314 935 3365 ut
958 3307 1116 3385 quisquam
1141 3307 1183 3363 eis
1207 3325 1260 3384 pro
1281 3305 1362 3364 fonte
1378 3324 1451 3366 suco

334 3393 508 3454 eruditionis
531 3404 646 3469 utatur,
670 3396 758 3455 immo
780 3393 982 3455 demonstrare
997 3412 1085 3473 posse
1100 3395 1171 3454 mihi
1188 3392 1290 3453 videor
1304 3395 1450 3479 frustula

333 3484 392 3552 illa
406 3485 504 3563 potius
521 3505 560 3550 ex
570 3484 742 3552 Ευείρίίιίο
753 3486 801 3552 vel
812 3485 877 3551 alio
893 3483 1023 3564 quod'am
1035 3484 1221 3560 Byzantinos
1237 3485 1343 3544 aetatis
1358 3485 1449 3562 scrip-

333 3583 398 3633 tore
420 3575 459 3639 in
485 3574 604 3640 scholia
628 3576 854 3657 penetravisse.
902 3575 980 3634 Satis
1011 3575 1089 3633 enim
1120 3575 1226 3632 mirum
1257 3582 1302 3632 est
1331 3574 1451 3632 omnino

333 3664 412 3721 inter
434 3672 478 3722 tot
500 3663 581 3721 milia
604 3664 795 3738 scholiorum,
828 3683 907 3743 quas
934 3671 1070 3738 spectant
1093 3661 1130 3720 cd
1154 3672 1249 3722 artem
1272 3662 1450 3722 rhetoricum

334 3761 365 3810 et
387 3749 570 3831 poeticam,1)
595 3756 636 3814 43
653 3762 770 3814 tontum
794 3772 885 3828 agere
909 3750 946 3812 de
969 3750 1083 3831 ideis.²)
1129 3749 1217 3826 Quod
1241 3753 1330 3812 etiem
1353 3753 1450 3828 magis

333 3843 449 3919 mirum,
473 3843 498 3901 si
521 3841 629 3904 indolis
652 3842 829 3902 scholiorum
852 3843 999 3904 rationem
1022 3840 1176 3903 habemus.

425 3982 434 4012 ¹
592 3980 598 3992 .

424 3982 446 4121 ’ἀ
464 3980 919 4120 ἀύῃάΙάτῃάάωΐάύθοάούάοχεεωω
937 4053 954 4104 9
974 4049 1076 4105 scholis
1101 4055 1213 4105 servule
1232 4057 1311 4118 sunt,
1331 4050 1450 4116 scholiis,

335 4140 403 4191 quoe
416 4123 541 4192 pluribus
554 4125 583 4176 in
596 4123 734 4178 codicibus
754 4123 858 4177 tradite
877 4128 951 4188 sunt,
969 4127 1081 4204 poeotes
1093 4123 1151 4188 BT,
1171 4137 1240 4190 quoe
1254 4122 1301 4178 uni
1314 4122 1451 4178 debentur

335 4197 484 4264 archetypo
503 4195 548 4262 (cf.
562 4195 688 4260 Roemor,
708 4193 883 4262 exegetischc
902 4193 1037 4260 Scholion,
1055 4211 1083 4264 p.
1103 4195 1177 4265 113),
1200 4209 1323 4249 seorsum
1342 4210 1450 4263 compu-

336 4267 410 4331 ntis,
429 4273 463 4322 ut
481 4265 619 4321 efficiatur
635 4265 694 4320 fere
706 4269 779 4320 ratio
793 4267 809 4320 ὅ
820 4281 827 4321 :
839 4271 862 4334 1,
882 4266 954 4334 quod
966 4267 994 4320 in
1007 4265 1168 4321 universum
1180 4266 1330 4334 respondet
1342 4266 1451 4321 rollone

335 4339 521 4393 multitudinis
540 4337 712 4406 scholiorum,
732 4353 801 4404 quse
820 4338 928 4392 omnino
947 4338 982 4392 acl
1000 4338 1115 4393 iliadem
1134 4345 1164 4394 st
1177 4336 1328 4406 odysseam
1347 4337 1382 4394 cd
1400 4353 1450 4393 nos

333 4417 527 4478 pervenerunt.
