3356 5150
817 459 1035 518 ..40-

369 635 541 717 disceptari,
573 647 674 695 utrum
702 633 820 714 ἢθικῶς
846 657 883 696 ea
910 637 1031 696 notione
1052 645 1230 715 usurpatum
1255 637 1307 709 sit,
1338 653 1417 716 quae
1441 646 1485 696 est

368 727 489 806 propria
504 726 699 804 Hermogeni,
723 746 761 785 an
784 726 850 785 aliis
873 726 932 786 illis
947 726 1119 785 notionibus
1139 727 1179 785 sit
1193 724 1371 788 adhibitum.
1410 723 1484 786 Oum

368 817 462 894 igitur
484 816 528 874 nil
550 814 588 874 ad
603 825 734 876 nostram
759 835 821 875 rem
837 814 908 875 inde
923 816 1081 887 lucremur,
1104 811 1224 891 ἠθικῶς
1238 825 1268 875 et
1283 809 1362 892 ἦθος
1376 835 1485 875 vocum

369 907 488 964 omnino
512 905 624 964 nullam
647 905 740 964 habui
762 907 921 980 rationem,
951 891 1030 985 quod
1055 925 1090 964 eo
1114 906 1211 982 magis
1233 924 1405 965 concessum
1428 913 1483 986 est,

369 996 442 1076 quia
471 1014 539 1056 raro
562 995 735 1056 Eustathius
759 995 817 1054 illis
843 997 950 1074 utitur,
983 993 1069 1054 side
1100 987 1168 1071 ἤθει
1195 995 1368 1074 particulari
1391 994 1484 1054 verba

369 1085 449 1158 iacit,
473 1105 540 1147 oum
564 1096 625 1145 tum
649 1085 801 1164 praeierat
816 1103 870 1144 sex
886 1085 998 1160 species
1013 1083 1081 1144 illas
1096 1104 1336 1159 commemorare,
1360 1086 1484 1165 inques

369 1175 573 1251 Hermogenes
594 1165 673 1251 ἦθος
696 1171 837 1257 divisit.1)

457 1264 532 1324 Illae
546 1275 616 1324 sunt
639 1261 773 1338 ἀφέλεια,
797 1258 959 1341 γλυκύτης,
985 1260 1142 1342 δριμύτης,
1166 1261 1320 1337 ἐπιείκεια,
1345 1261 1484 1342 ἀλήθεια,

368 1349 515 1432 βαρύτης.
562 1354 727 1414 Veritatem
751 1353 844 1427 enim,
876 1374 966 1433 quam
995 1355 1028 1412 in
1059 1352 1246 1432 praefatione
1273 1355 1364 1414 totius
1387 1355 1487 1434 operis

369 1445 555 1504 enumeravit
577 1444 655 1503 inter
677 1441 759 1502 ideas
782 1444 938 1522 primarias
960 1445 991 1502 in
1018 1444 1087 1522 ipsa
1115 1445 1295 1504 tractatione
1325 1436 1394 1521 ἤθει
1416 1463 1485 1524 snp-

369 1534 479 1612 posuit,
504 1530 585 1612 quod
607 1533 665 1591 iam
683 1540 809 1612 apparet
824 1552 863 1592 ex
878 1533 1038 1612 partitione
1053 1553 1083 1612 p.
1101 1535 1219 1605 350,28
1237 1543 1267 1594 et
1283 1553 1319 1594 ex
1335 1552 1381 1607 eo,
1405 1531 1486 1612 quod

369 1616 498 1699 ἀλήθεια
522 1631 590 1682 ante
613 1619 784 1700 βαρύτητα,
810 1641 888 1702 quae
904 1632 985 1683 certe
999 1616 1099 1699 ἤθους
1112 1624 1235 1702 species
1251 1633 1306 1707 est,
1331 1633 1486 1686 tractatur.

369 1710 487 1787 Quibus
509 1713 680 1792 praemissis
703 1711 741 1772 ad
764 1712 886 1789 singula
908 1722 1103 1774 transeamus.

458 1803 560 1881 Atque
594 1802 723 1881 primum
758 1800 795 1860 de
829 1807 1023 1878 simplicitate
1054 1795 1245 1885 (ἀφέλεια).2)
1301 1801 1486 1870 Sententiae

368 1890 449 1950 illiue
472 1900 540 1950 sunt
562 1891 712 1971 simplices
727 1911 827 1970 neque
842 1892 1019 1970 perpolitae,
1043 1913 1125 1974 patae
1145 1893 1291 1958 omuibus
1306 1892 1486 1960 hominibus

369 2002 550 2048 communes
571 1986 664 2062 arent,
695 1991 725 2040 et
747 2001 827 2060 quae
851 1981 1012 2040 abhorrent
1034 1981 1073 2041 ab
1096 1983 1176 2040 omni
1200 1981 1380 2065 subtilitate,
1412 2001 1485 2058 ergo

368 2072 504 2151 inprimis
542 2071 709 2131 sententiae
747 2071 917 2144 hominum,
960 2071 1013 2150 qui
1043 2091 1103 2130 non
1137 2080 1208 2131 sunt
1240 2071 1316 2130 fictis
1344 2071 1486 2144 moribus,

369 2160 499 2240 exempli
522 2161 621 2237 gratia
643 2161 830 2237 rusticorum,
854 2160 1023 2233 mulierum,
1046 2160 1216 2236 infantium,
1239 2157 1432 2244 servorum.³)

458 2250 544 2310 Hanc
574 2249 705 2308 indolem
741 2246 882 2325 ἀφελείας
912 2248 1087 2310 Eustathins
1122 2260 1203 2311 recte
1236 2253 1392 2331 perspexit
1422 2251 1486 2310 loco

255 2389 258 2394 ,
368 2337 455 2401 modo
479 2337 602 2398 laudato
625 2359 655 2418 p.
684 2341 781 2411 1379,
814 2341 839 2399 si
867 2341 972 2399 statuit
994 2338 1160 2419 Odysseam
1190 2361 1255 2400 esse
1278 2341 1487 2421 simpliciorem

369 2449 459 2510 quam
482 2427 617 2491 Iliadem.

459 2516 527 2593 Quo
549 2519 670 2577 minime
694 2527 851 2579 contentus
878 2519 972 2578 multa
999 2519 1118 2596 singula
1145 2519 1286 2598 praebet,
1319 2539 1398 2599 quae
1428 2520 1485 2578 iam

370 2603 580 2687 perlustranda
603 2616 682 2669 sunt.
729 2628 749 2668 α
774 2609 833 2668 174
852 2605 983 2691 (14οο)ι
1014 2608 1115 2670 ἰστέον
1139 2609 1186 2682 δὲ,
1219 2603 1267 2669 ότι
1297 2605 1411 2686 ἀφελὴς
1440 2607 1482 2669 ἐν·

370 2702 474 2758 ταῦθα
496 2698 547 2757 καί
571 2693 690 2770 ἀστεῖος
713 2693 805 2758 ότοῦ
826 2694 1005 2774 Τηλεμάχου
1028 2695 1123 2773 λόγος
1145 2695 1180 2759 ἐν
1195 2698 1240 2779 τῷ
1257 2692 1302 2758 οὐ
1318 2693 1387 2775 γάρ
1403 2701 1438 2757 τί
1451 2711 1486 2757 σε

368 2783 486 2862 πεζόν
509 2780 635 2859 ὀίομαι
659 2781 781 2847 ἐνθάδ’
801 2786 945 2848 ἱκέσθαι
968 2779 1067 2864 ἢγουν
1090 2785 1123 2847 ἐν
1143 2788 1181 2864 τη
1196 2783 1269 2848 καθ’
1288 2783 1366 2865 ἡμᾶς
1381 2785 1485 2869 νήσῳ.

370 2877 545 2938 σπουδαῖον
569 2876 602 2938 δὲ
625 2871 643 2936 ό
666 2873 761 2952 λόγος
783 2873 842 2951 ἔχει
866 2871 989 2949 οὐδένα,
1022 2871 1117 2937 deora
1145 2873 1184 2937 τά
1206 2877 1265 2938 τοῦ
1287 2876 1485 2952 σχεδιασμοό,

370 2968 419 3026 καί
441 2962 574 3040 μάλιστα
598 2963 632 3025 ἐν
651 2977 719 3038 τοῖς
734 2965 814 3038 νέοις
828 2967 879 3026 καί
893 2962 986 3042 μήπω
1002 2967 1247 3039 πεπιιόευμὲνοις
1262 2966 1371 3042 λέγειν.
1411 2967 1430 3028 d
1446 2967 1487 3026 24

370 3053 497 3137 (1480)ι
530 3048 578 3115 ότι
606 3048 754 3128 βιωτικόν
777 3057 827 3114 καί
851 3049 959 3130 ἀφελὲς
982 3052 1018 3116 τό
1046 3051 1097 3116 ont
1120 3055 1317 3133 θεράποντος
1340 3053 1426 3137 αὐτῷ
1450 3050 1488 3131 δὴ

370 3149 416 3226 τῷ
438 3148 560 3218 βασιλεῖ
578 3139 765 3221 ἀγγελθῆναι
788 3140 845 3220 τὴν
865 3150 930 3206 τῶν
950 3145 1052 3220 ξένων
1071 3143 1200 3208 ἒλιυσιν.
1248 3147 1267 3206 δ
1284 3148 1346 3206 522
1360 3145 1487 3226 (1507)ι

461 3336 481 3406 ¹)
499 3338 605 3406 πρέπον
628 3334 710 3403 illud,
736 3337 808 3409 quod
831 3336 1001 3407 Hermogeni
1026 3343 1070 3393 est
1099 3338 1191 3394 virtus
1214 3336 1300 3403 ἤθους
1322 3335 1487 3392 universalis

371 3423 455 3476 saepe
473 3408 546 3476 apud
562 3408 742 3462 Eustothium
761 3408 999 3477 deprehendimus,
1019 3409 1092 3463 haud
1110 3426 1173 3464 raro
1189 3408 1301 3464 rediens
1319 3409 1354 3462 nd
1372 3410 1489 3463 Alexan·

372 3480 481 3546 drinos‚
501 3495 569 3546 qnos
588 3480 740 3548 permultos
759 3497 857 3535 versus
875 3481 909 3535 ab
928 3481 1049 3535 Homero
1068 3481 1240 3536 abiudicesse
1259 3477 1354 3532 διὰτὸ
1372 3479 1488 3551 ἀπρεπὲς

369 3550 474 3607 nemini
492 3552 619 3620 ignotum
637 3557 689 3608 est.
726 3551 858 3608 Attamen
880 3569 983 3621 pancos
1001 3567 1153 3621 proponam
1170 3553 1254 3619 locos,
1274 3552 1321 3620 qui
1339 3551 1487 3606 Eustethio

371 3623 514 3693 aptissime
533 3639 550 3676 a
568 3628 652 3692 poeta
674 3624 830 3694 excogitati
853 3640 913 3680 esse
932 3623 1112 3693 videbantur,
1139 3624 1238 3691 quibus
1257 3624 1360 3693 optime
1379 3625 1489 3678 demon·

370 3702 492 3762 stratur,
519 3694 586 3761 qnid
609 3697 656 3750 ille
681 3695 848 3752 iudicaverit
871 3697 904 3750 dc
929 3703 991 3751 arte
1009 3703 1117 3764 poetae.
1155 3715 1172 3745 α
1191 3697 1244 3750 223
1263 3699 1366 3767 (1412);
1393 3698 1489 3765 πρέπει

371 3763 473 3830 ἐνδόξῳ
492 3769 555 3830 νέῳ.
592 3769 673 3832 η148
691 3768 799 3834 (roton
818 3766 879 3832 εὐχὴ
897 3771 1036 3838 πρέπουσα
1054 3770 1090 3822 εἰς
1108 3766 1246 3836 ἄρχοντας.
1284 3770 1366 3821 κ334
1384 3768 1488 3837 (1660);

370 3841 482 3909 πρέπων
506 3836 581 3906 λόγος
597 3836 713 3891 Ὀδυσσεῖ
732 3839 772 3902 τῷ
794 3837 939 3908 φιλοσόφῳ.
977 3836 992 3889 ί
1011 3841 1064 3893 533
1087 3841 1191 3910 (1698):
1219 3837 1303 3891 οίπιόν
1328 3836 1409 3908 λόγον
1434 3838 1489 3888 ἀπι-

369 3913 510 3980 πρέποντα
522 3911 674 3977 μνησικάκῳ
688 3906 773 3981 ἀνδρί.
811 3913 1015 3981 φ131(1903);
1034 3907 1097 3976 ἃδη
1110 3914 1163 3974 νέῳ
1178 3913 1263 3963 εἰπεῖν
1281 3913 1376 3981 πρέπει
1388 3909 1489 3978 ἀγαθῷ

369 3984 421 4049 μὲν
439 3979 613 4046 δνοτχήοαντι
632 3979 661 4033 δὲ
679 3981 748 4032 κατὰ
767 3981 878 4053 πρώτην
896 3981 999 4052 ἀγῶνος
1022 3995 1126 4053 πεῖραν.
1165 3987 1191 4033 Ξ
1206 3986 1255 4038 121
1269 3984 1357 4054 (971);
1381 3981 1416 4036 ὣς
1435 3983 1489 4032 ἕντι

369 4057 476 4124 πρέπον
487 4054 527 4117 τῷ
545 4052 685 4120 βουλευτῇ.
724 4053 756 4103 Χ
773 4053 824 4106 250
837 4055 943 4124 (1268):
967 4057 1097 4121 συντομία
1120 4058 1258 4126 πρέπουσα
1281 4054 1321 4104 τιό
1340 4054 1489 4122 ἐναγωνίων

370 4122 483 4195 λέγοντι.
521 4125 554 4176 Χ
567 4125 738 4195 345(1·ἀῖ2)ζ
756 4127 863 4195 πρέπον
880 4126 1014 4197 βαρβάρῳ
1028 4130 1093 4197 γραῒ
1108 4131 1188 4197 μητρί
1206 4123 1362 4195 φιλοτέκνῳ.
1399 4145 1417 4175 α
1437 4127 1488 4178 246

370 4199 474 4268 (1414):
494 4197 639 4267 ἐμβρίθεια
658 4193 784 4260 δικανικῷ
802 4193 873 4265 λόγῳ
890 4200 1036 4269 πρέπουσα.
1069 4201 1090 4248 O
1107 4203 1123 4252 ὁ
1138 4200 1242 4270 (1022);
1261 4199 1366 4270 πρέπον
1377 4195 1489 4266 μεγέθει

369 4269 502 4336 ποιήσεως.
542 4271 563 4318 0
585 4269 634 4323 159
653 4270 758 4337 (1010):
777 4273 929 4340 παραίνεσις
948 4267 1068 4338 ἀγγὲλίῳ
1085 4273 1231 4342 πρέπουσα.

460 4342 471 4374 2
752 4359 759 4372 .

461 4344 483 4482 ’δ
502 4340 613 4478 dletidd
625 4339 940 4481 quditidpidoddmldndogi
957 4415 1009 4468 562
1028 4412 1162 4468 Naivittt.
