3390 5140
709 499 927 558 ..99-

259 679 338 738 nime
350 676 531 737 abhorrebat
543 696 561 735 a
574 675 722 736 communi
733 675 824 734 totius
833 673 978 736 Graeciae
990 673 1130 755 opinione
1141 683 1244 756 poetas
1257 675 1373 742 docere.

259 767 367 847 Neque
389 767 566 847 posteriores
582 765 660 825 hanc
675 764 919 826 consuetudinem
936 765 1104 838 mittebant,
1127 768 1216 826 immo
1240 788 1305 828 earn
1322 787 1372 830 ex·

260 857 398 916 colebant
421 857 505 915 velut
528 876 554 919 e.
571 878 601 933 g.
624 854 804 914 Plutarchus
828 868 1002 934 personatus
1025 856 1057 913 in
1080 855 1180 916 libello
1204 856 1242 916 de
1257 861 1320 917 vita
1343 869 1373 918 et

258 947 342 1028 poesi
362 946 486 1005 Homeri
509 955 539 1004 et
561 956 696 1005 auctores
717 943 754 1003 de
768 943 874 1022 figuris
888 943 959 1004 inde
975 965 993 1002 a
1008 943 1181 1025 Tryphone,
1206 949 1258 1026 qui
1274 949 1374 1007 omnia

259 1037 331 1094 artis
368 1036 515 1094 oratoriae
552 1044 714 1114 praecepta
749 1053 786 1093 ex
818 1032 948 1093 Homero
979 1033 1130 1093 illustrare
1162 1037 1260 1095 conati
1292 1047 1371 1101 sunt.

258 1124 318 1185 Sed
342 1146 401 1184 non
425 1137 497 1204 puto
522 1127 564 1183 eis
589 1123 736 1184 Cratetem
765 1125 874 1182 secutis
897 1143 1072 1203 persuasum
1095 1125 1187 1185 fuisse
1209 1125 1372 1186 Homerum

258 1215 448 1294 eloquentiae
471 1213 623 1273 docendae
653 1232 745 1279 cauea
776 1233 895 1272 carmen
929 1233 1015 1273 suum
1047 1214 1179 1274 consulto
1211 1235 1372 1276 exornasse

259 1307 349 1364 variis
371 1303 476 1383 figuris
507 1314 537 1362 et
560 1302 660 1363 multis
684 1302 825 1376 artificiis,
859 1303 968 1382 quibus
1000 1301 1151 1363 auditores
1183 1317 1373 1385 captarentur

259 1405 349 1474 atque
384 1394 594 1455 delenirentur.
656 1393 749 1452 Immo
781 1394 994 1471 praestantiam
1024 1412 1097 1453 suae
1127 1393 1302 1474 disciplinae
1337 1414 1371 1455 eo

258 1487 395 1544 evincere
429 1483 608 1554 studebant,
646 1481 726 1562 quod
757 1481 994 1541 demonstrarent
1031 1501 1095 1542 eam
1127 1484 1169 1542 sic
1200 1484 1372 1564 adaptatam

258 1592 324 1633 esse
346 1573 383 1632 ad
407 1592 573 1632 sermonem
596 1572 780 1632 celeberrimi
804 1583 833 1631 et
855 1573 1101 1651 praestantissimi
1118 1575 1238 1656 poetae,
1258 1587 1291 1632 ut
1307 1576 1372 1634 eius

257 1680 366 1738 gnarus
389 1663 482 1722 fuisse
505 1661 666 1724 videretur.
714 1662 752 1720 Ht
775 1681 865 1741 quem
882 1661 990 1722 Graeci
1012 1663 1045 1721 in
1065 1663 1211 1738 eligendis
1227 1665 1372 1743 exemplis

256 1754 351 1830 magis
383 1755 564 1831 respicerent
594 1770 684 1830 quam
708 1771 774 1811 eum
801 1761 908 1824 vatem,
942 1753 1027 1811 cuius
1050 1772 1156 1812 versus
1179 1754 1238 1811 iam
1261 1753 1330 1812 inde
1354 1773 1372 1812 a

257 1844 356 1922 pueris
380 1844 510 1900 omnium
534 1842 566 1899 iu
589 1859 641 1900 ore
663 1841 872 1900 versabantur.

343 1928 378 1990 Id
404 1948 504 1990 autem
527 1932 645 1990 omuino
662 1930 865 2008 Pergamenis,
891 1929 928 1988 ad
953 1949 1028 2010 quos
1052 1938 1193 2009 revertor,
1218 1933 1371 2011 proprium

257 2029 322 2078 erat
344 2019 521 2080 rhetoricam
552 2040 619 2079 cunr
643 2021 836 2096 grammatica
860 2022 1041 2098 coniungere
1066 2029 1157 2099 atque
1180 2020 1227 2079 his
1251 2021 1372 2081 auxiliis

256 2111 392 2169 instructi
409 2123 503 2168 artem
519 2111 668 2189 scriptoris
685 2110 844 2188 illustrare,
862 2129 952 2189 quem
973 2106 1216 2191 tractaverunt,¹)
1242 2109 1272 2168 id
1290 2109 1372 2189 quod

255 2201 373 2258 nomine
396 2197 532 2278 κριτικὸς
553 2199 806 2276 significaverunt,
840 2219 899 2279 quo
929 2209 1049 2278 praeter
1080 2212 1192 2258 ceteros
1216 2211 1245 2257 et
1267 2198 1371 2260 Crates

255 2298 286 2348 et
307 2288 462 2370 Telephus
486 2292 691 2365 Pergamenus
720 2289 853 2366 insigniti
884 2283 1009 2372 erantl)
1055 2288 1172 2363 Quibus
1204 2307 1241 2348 ex
1273 2289 1370 2349 causis

254 2396 428 2457 persuasum
459 2378 557 2437 habeo
589 2390 636 2438 eet
663 2379 790 2458 amplam
823 2379 936 2457 copiam
969 2378 1161 2460 scholiorum,
1194 2378 1302 2458 quihus
1334 2378 1371 2438 de

254 2478 318 2526 arte
341 2470 451 2544 egitur,
476 2483 537 2547 qua
560 2469 691 2526 carmina
709 2467 866 2527 Homerica
890 2468 1052 2548 composita
1075 2478 1105 2526 et
1127 2469 1270 2527 orationis
1285 2468 1369 2527 lumi·

255 2556 342 2618 nibus
358 2569 464 2617 ornata
479 2559 548 2639 sint,
566 2569 619 2616 aut
634 2559 706 2637 ipsis
723 2557 824 2616 deberi
842 2557 1036 2635 Pergamenis
1053 2566 1106 2615 aut
1123 2558 1174 2632 eis,
1200 2559 1252 2637 qui
1269 2577 1370 2617 eorum

253 2647 358 2706 studiis
381 2648 496 2706 incitati
519 2658 638 2726 poetam
656 2655 870 2712 tractaverunt,
918 2646 976 2706 Sed
999 2646 1076 2705 hanc
1092 2649 1295 2727 quaestionem
1313 2647 1370 2706 hcc

253 2736 318 2795 loco
342 2738 483 2815 persequi
508 2735 587 2810 nolo,
618 2736 688 2794 licet
712 2735 884 2813 dignissima
907 2737 953 2809 sit,
986 2737 1058 2815 quin
1089 2735 1272 2813 negligatur,
1302 2756 1369 2797 cum

254 2833 284 2883 et
308 2824 481 2884 dilficillima
512 2827 550 2884 sit
580 2835 610 2884 et
632 2825 763 2907 longior,
795 2846 884 2906 quam
916 2837 951 2884 ut
981 2845 1046 2884 eam
1079 2824 1124 2884 his
1154 2825 1283 2905 pagellis
1315 2825 1368 2885 ab·

252 2914 374 2973 solvam.
403 2915 469 2973 Hoc
483 2935 576 2973 unum
594 2935 740 2994 exponam
759 2917 888 2992 vestigia
904 2914 1051 2996 quaedam
1068 2914 1252 2994 deprehendi
1269 2934 1367 2996 posse,

252 3004 361 3084 quibus
385 3004 482 3063 elucet
506 3009 645 3066 auctores
664 3010 848 3066 scholiorum
867 3012 994 3065 artrica
1007 3009 1169 3078 discipline
1180 3023 1238 3065 non
1253 3010 1368 3066 alienos

252 3097 357 3154 fnisse·
403 3092 471 3168 Qua
499 3095 531 3152 in
561 3115 593 3154 re
623 3097 655 3154 iu
682 3098 854 3154 uuiversum
886 3114 1063 3174 assequar,
1097 3114 1174 3174 quae
1198 3094 1314 3154 Striller
1336 3097 1368 3154 iu

253 3183 490 3243 dissertatatioue
513 3184 635 3243 laudata
659 3185 837 3249 enucleavit,

341 3273 436 3347 Quem
461 3273 499 3332 ad
522 3275 611 3332 finem
635 3275 804 3354 proficiscor
820 3293 839 3332 a
855 3273 965 3332 scholio
985 3273 1036 3332 illo
1059 3273 1096 3338 de
1119 3274 1222 3339 tribus
1245 3274 1366 3358 perreri-

251 3362 307 3428 hus
330 3363 456 3444 dicendi
479 3365 591 3436 8278,
622 3364 658 3423 de
682 3384 740 3443 quo
764 3365 823 3422 iam
848 3366 972 3441 egimus.
1018 3363 1170 3441 Telephus
1194 3363 1271 3420 enirn
1298 3363 1366 3422 Per-

250 3471 407 3528 gamenus,
432 3463 609 3533 praeceptor
633 3455 819 3534 imperatoris
843 3453 876 3515 L.
895 3453 975 3525 Veri,
1001 3473 1088 3532 quem
1112 3453 1366 3529 Pergamenorum

251 3553 350 3600 sectae
367 3540 516 3602 addictum
532 3545 624 3602 fuisse
641 3545 690 3603 vel
706 3544 777 3602 inde
792 3543 982 3601 manifestum
999 3543 1041 3614 fit,
1060 3541 1138 3622 quod
1155 3543 1183 3600 ei
1200 3561 1385 3620 ιοςιιοιιιι,αἱ

250 3627 385 3708 κριτικὸς
407 3627 503 3710 suir‚⁸)
527 3653 663 3692 necnon
687 3652 726 3691 ex
749 3652 795 3704 eo,
820 3630 900 3711 quod
924 3631 1043 3710 Didymi
1066 3633 1289 3690 observationes
1321 3651 1383 3710 im..

250 3715 443 3802 pugnavit⁴)‚
467 3720 598 3781 studiose
613 3722 773 3781 Homerum
790 3723 1002 3800 interpretatus
1019 3733 1073 3802 est,
1104 3733 1139 3779 ut
1159 3731 1318 3797 testeum,
1344 3749 1380 3799 eg

250 3811 331 3870 tituli
361 3809 504 3869 librorum
536 3831 555 3869 a
576 3811 669 3871 Suids
700 3806 929 3889 laudatorum,⁶)
962 3820 992 3870 et
1022 3810 1231 3889 comprobatur
1269 3830 1379 3906 Pauciff

250 3950 322 4004 allen
342 3948 464 4003 Schmelz
485 3948 540 4001 und
559 3949 613 4003 alle
632 3949 718 4004 Kraft
736 3950 785 4004 der
805 3949 903 4005 Poesie
922 3949 951 4002 in
969 3947 1125 4018 Rhythmus
1144 3961 1208 4018 rm
1226 3965 1375 4021 3115er

251 4022 300 4076 aut
316 4020 376 4075 ihre
395 4020 488 4074 Kunst
506 4018 719 4076 uberruleiren.“

340 4093 360 4162 ²)
381 4091 494 4159 atquae
507 4093 540 4146 tle
552 4091 664 4147 Cratete
672 4091 819 4148 Suetonius
831 4091 928 4158 refert,
944 4093 977 4147 de
990 4107 1110 4162 grsmrd,
1120 4111 1149 4160 ος
1160 4107 1229 4162 ψεῖ,
1239 4109 1262 4170 ρ,
1276 4110 1370 4178 ,100⁸

339 4164 360 4230 ²)
381 4164 414 4219 cf.
447 4168 593 4232 praeterea
625 4164 698 4219 Sext.
727 4165 804 4232 timp,
833 4163 895 4220 adr.
923 4163 1007 4220 math.
1026 4165 1048 4236 Ι,
1083 4179 1151 4234 248:
1177 4179 1328 4234 Tamus
1358 4179 1373 4231 ‹¹›

253 4235 392 4305 Κράτητος
410 4233 538 4301 ἀκουστὴς
556 4234 644 4306 ὥσπερ
663 4237 687 4286 ol
706 4234 782 4286 ἄλλοι
801 4241 919 4308 κριτικοὶ.

341 4309 363 4378 ⁸)
380 4307 479 4363 Aeliau
505 4309 569 4361 hrst.
590 4322 634 4361 au.
653 4307 688 4370 X,
707 4311 749 4364 42.

339 4376 351 4409 ⁴
380 4383 413 4434 ci.
432 4380 500 4434 Veu.
521 4383 551 4432 A.
572 4379 606 4433 ad
625 4378 659 4434 K.
679 4381 720 4432 53.

286 4519 316 4571 θ)
331 4391 364 4537 fl
382 4455 441 4524 mel
464 4452 521 4502 τῶν
543 4449 605 4535 ’ψ’
627 4449 730 4521 ‘opero
749 4455 892 4521 σχημάτων
910 4464 1059 4534 ῥητορικῶν
1077 4461 1171 4530 βιβλία
1190 4464 1228 4530 β’,
1246 4470 1307 4538 περὶ
1323 4468 1370 4534 ciffi

252 4540 285 4572 κα
338 4525 445 4594 Ομηρον
463 4528 607 4596 ῥητορικηι.
1174 4571 1207 4627 7*
