3390 5140
675 489 891 547 „77-

225 672 383 738 τοιοῦτος·
408 663 487 728 ἀλλὰ
511 661 699 727 τούναντίον
723 659 815 740 ὅταν,
845 660 895 726 ὅτι
917 668 968 725 καὶ
991 660 1029 726 τὰ
1052 663 1207 744 πρόσωπα
1230 668 1280 726 καὶ
1303 660 1341 726 τὰ

223 754 390 835 πράγματα
415 755 561 834 διαφέρει.

313 845 461 923 Georgius
476 844 613 905 Plethou.
627 844 678 916 VI,
705 847 767 906 586
785 845 844 904 W.:
870 840 949 922 πρὸς
964 842 1086 918 τούτοις
1102 846 1135 906 δὲ
1151 839 1208 906 τὸν
1223 841 1340 923 ῥήτορα

224 929 262 995 οὐ
278 929 339 1012 χρὴ
354 930 412 995 τὸν
428 929 526 1010 λόγον
542 927 771 1008 ἀναλαμβάνειν
795 928 1070 1012 ἀναμιμνήσκοντα
1093 937 1144 995 καὶ
1159 931 1339 1012 ὑποκρίνεσ-

223 1027 278 1084 θαι
301 1028 366 1084 τῶν
389 1023 602 1101 προκειμένων
625 1019 664 1083 τὰ
686 1018 747 1101 ἢθη
771 1026 821 1083 καὶ
844 1019 931 1101 πάθη
954 1026 1004 1084 καὶ
1028 1021 1113 1106 λόγῳ
1134 1027 1184 1084 καὶ
1208 1020 1340 1101 σχήματι

223 1109 267 1186 ὡς
290 1109 308 1174 ὃ
332 1110 491 1187 δαιμόνιος
507 1103 649 1191 Ὅμηρος.

311 1203 396 1262 Ηαοο
411 1203 473 1263 fara
490 1204 591 1277 habui,
609 1223 687 1282 quae
710 1202 803 1262 oculis
819 1202 995 1263 subicerem.
1035 1200 1231 1263 Statuendum
1248 1204 1341 1281 igitur

223 1301 278 1365 est,
295 1294 353 1351 nisi
370 1313 450 1352 nova
466 1291 613 1373 quaedam
629 1301 771 1352 eruentur
787 1291 909 1364 auxilia,
925 1290 1094 1359 Eusiatht't'
1108 1294 1237 1378 fontem,
1255 1294 1341 1360 unde

223 1403 292 1449 τιον
314 1383 407 1450 uuita
430 1382 588 1456 hauserit,
620 1383 711 1449 uobis
735 1381 891 1450 occuitum
914 1387 943 1447 et
965 1382 1132 1448 obscurum
1162 1403 1226 1449 esse
1249 1403 1340 1450 ιιιαιι·

223 1493 347 1538 surum.
393 1471 470 1531 Nam
487 1473 553 1548 loci,
579 1473 631 1551 qui
655 1480 724 1531 suut
746 1471 783 1530 de
806 1473 871 1530 iure
894 1469 1019 1529 iurando
1043 1480 1072 1530 et
1097 1476 1134 1531 de
1156 1471 1340 1551 epanalepsi‚

223 1561 276 1620 ubi
299 1559 460 1620 similitudo
492 1560 639 1639 quaedam
671 1561 820 1641 apparuit,
853 1581 891 1620 ax
922 1563 1140 1620 commentariis
1171 1560 1209 1619 ad
1232 1560 1340 1620 librum

222 1653 291 1730 περὶ
313 1647 454 1724 μεθόδου
478 1648 656 1727 δεινότητος
676 1659 818 1730 excerpta
834 1645 943 1729 tumst)
968 1649 1146 1730 quibuscum
1162 1652 1250 1711 atium
1268 1650 1340 1710 alibi

222 1741 399 1802 Eustathius
423 1741 577 1803 consentit.

314 1914 334 1984 1)
354 1913 389 1966 ad
406 1912 444 1980 11,
464 1913 516 1967 433
536 1918 566 1967 et
582 1915 637 1968 442
656 1913 700 1982 Sp.
