3390 5140
804 428 1018 488 ...92-

353 605 454 683 Adrus
477 605 526 667 vsl
550 605 610 666 tals
627 604 699 686 quid
722 606 864 686 supplere
880 607 964 686 solet,
990 607 1077 688 quasi
1092 604 1131 664 cd
1146 605 1260 666 histum
1276 604 1469 686 explendum,

353 716 413 777 quo
438 694 516 757 duae
539 694 674 756 diversas
703 695 860 756 locutionis
882 697 994 757 formae
1017 694 1143 768 distant,
1175 695 1360 777 alteramque
1382 696 1470 756 elteri

329 835 331 840 .
353 794 433 847 recte
455 783 705 861 continuandam
729 785 765 846 cl.
783 788 904 850 11203.
950 786 1059 866 Neque
1081 786 1187 862 negari
1202 793 1301 865 potest
1324 805 1470 846 conexum

353 877 523 936 interiorem
547 872 733 935 intercedere
756 877 836 935 inter
858 875 936 936 hanc
952 876 1114 936 Aristonici
1129 875 1299 936 sollemnem
1315 874 1469 935 formulam

353 974 384 1024 et
396 965 565 1025 Aristotelis
577 965 770 1045 Platonisque
784 963 1003 1044 sententiam‚1)
1021 966 1073 1046 qui
1086 963 1204 1025 diverse
1219 984 1341 1044 poeseos
1357 984 1471 1044 genera

352 1057 395 1114 ita
416 1055 641 1127 constituerunt,
666 1063 700 1114 ut
722 1055 913 1134 respicerent,
938 1063 1039 1114 utrum
1061 1074 1108 1115 res
1125 1055 1210 1134 ipsae
1233 1053 1377 1116 imitando
1401 1074 1470 1132 age·

352 1152 456 1204 rentur
479 1163 518 1202 sn
541 1143 723 1205 referrentur
745 1145 924 1208 narratione.
969 1144 1028 1204 Ille
1059 1154 1159 1204 autem
1182 1144 1293 1204 locutio
1318 1143 1357 1204 sb
1387 1152 1470 1203 utro·

354 1253 413 1313 que
436 1233 535 1293 aliena
558 1243 612 1296 est.
659 1233 755 1308 Quam
779 1233 804 1292 si
827 1254 888 1293 non
904 1234 1072 1294 Aristarcho
1096 1235 1152 1313 ipsi
1162 1229 1188 1315 ⁹)
1214 1242 1246 1292 ot
1269 1242 1350 1294 certe
1373 1253 1472 1312 gram·

354 1324 468 1382 maticis
491 1321 704 1382 Alexandrinis
736 1321 891 1404 debemus,
922 1325 965 1383 ita
994 1333 1028 1383 ut
1059 1343 1098 1382 ne
1122 1323 1177 1382 hoc
1201 1321 1320 1403 quidem
1343 1322 1409 1392 loco
1433 1341 1472 1384 ex

352 1413 416 1492 ipso
440 1402 601 1472 Aristotele
623 1412 731 1472 hausta
754 1413 800 1474 sit.

440 1498 629 1576 ἐγκώμιον
659 1502 833 1562 Aristoteles
860 1522 1010 1582 nusquam
1032 1500 1157 1562 adhibet
1179 1500 1217 1561 ad
1240 1501 1471 1579 significandum

352 1611 448 1668 genus
471 1589 668 1665 laudativum,
693 1590 773 1671 quod
795 1612 912 1671 semper
933 1593 1068 1652 nominat
1090 1585 1330 1668 s'rcrdecxrrnov.⁸)
1368 1591 1473 1652 Poste·

352 1683 444 1741 riores
460 1689 559 1740 autem
576 1699 708 1740 necnon
724 1681 903 1742 scholiastae
919 1681 957 1741 ab
974 1682 1027 1742 ills
1043 1679 1258 1742 consuetudine
1273 1689 1471 1760 recesserunt,

352 1780 385 1829 ut
407 1766 612 1831 ἐπιδεικτικὸν
633 1770 696 1830 fere
719 1771 810 1850 plane
832 1773 998 1832 evannerit.

441 1856 621 1934 ἔμψυχος,
646 1859 727 1940 quod
750 1861 873 1941 propria
892 1861 1110 1939 significatione
1130 1859 1212 1920 haud
1228 1880 1295 1920 raro
1310 1860 1341 1920 in
1357 1859 1471 1920 Aristo·

319 1982 321 1986 .
352 1949 419 2008 telis
443 1951 562 2030 seriptis
583 1948 620 2009 de
643 1969 742 2010 rerum
758 1960 866 2010 natura
882 1952 1051 2031 compositis
1065 1969 1220 2011 occurrere
1236 1958 1472 2010 consentaneum

352 2047 411 2113 est,
443 2037 480 2098 ds
509 2047 574 2100 erte
601 2039 751 2100 rhetorica
774 2049 892 2100 tantum
915 2041 1026 2117 legitur
1050 2041 1068 2103 l.
1094 2041 1115 2102 l.
1140 2038 1178 2100 de
1200 2034 1417 2123 metaphoras)
1442 2050 1474 2098 et

351 2129 382 2188 in
406 2127 525 2188 scholiis
547 2127 617 2190 inde
640 2128 791 2192 derivatis.
839 2129 959 2189 Scholia
974 2130 1084 2189 Veneti
1105 2130 1129 2188 B
1153 2129 1290 2189 voculam
1314 2137 1473 2207 praetores

352 2226 573 2297 usurpaverunt
597 2216 635 2278 ad
658 2216 777 2278 landem
793 2238 884 2279 verse
901 2228 993 2299 stque
1007 2220 1134 2278 illustris
1150 2239 1248 2279 rerum
1265 2217 1472 2297 descriptionis

351 2311 445 2382 1126,
470 2311 505 2367 N
518 2309 591 2379 631,
616 2313 645 2368 Ρ
660 2309 732 2379 747,
757 2313 786 2368 Σ
802 2310 876 2389 357,
901 2313 930 2368 Σ
947 2312 1023 2386 511,
1053 2308 1225 2368 aberrantia
1240 2328 1259 2367 s
1274 2309 1395 2388 propria
1417 2328 1473 2368 no·

351 2397 440 2470 tione,
467 2415 557 2474 quam
580 2396 756 2455 Aristoteles
779 2416 901 2478 quoque
924 2397 988 2458 loco
1012 2399 1083 2458 artis
1108 2398 1256 2458 oratoriae
1278 2399 1420 2458 servavit.

440 2479 598 2561 ἐναργής
629 2484 702 2543 mihi
733 2485 814 2565 apud
837 2487 1027 2548 Aristotelem
1058 2485 1204 2559 nondum,
1235 2496 1282 2548 ut.
1297 2487 1328 2546 ia
1351 2486 1473 2548 scholiis

351 2575 399 2646 fit,
429 2573 512 2632 illem
543 2575 684 2635 virtutem
715 2576 857 2636 orationis
888 2577 1059 2656 significare
1087 2576 1221 2649 videtur,
1254 2595 1315 2656 qua
1337 2596 1399 2656 res,
1435 2575 1472 2636 de

353 2663 464 2743 quibus
487 2663 647 2743 loquimur,
672 2665 882 2746 claramque,
909 2675 944 2726 ut
967 2668 1055 2747 quasi
1078 2667 1160 2726 cerni
1182 2665 1351 2738 videantur,
1377 2686 1472 2728 enun-

339 2749 470 2832 tiamus,
495 2752 575 2833 quod
599 2771 725 2833 apparet
747 2774 785 2814 ex
808 2755 888 2821 anal.
912 2755 937 2828 I,
960 2759 1011 2830 23,
1036 2760 1087 2828 68,
1112 2756 1142 2829 b,
1169 2759 1224 2816 36:
1248 2753 1473 2834 ἐναργέστερον

351 2840 393 2903 ἐτι
409 2843 557 2920 λεχθῆναι
571 2846 643 2920 περί
658 2863 756 2915 τινος,·
778 2844 838 2906 eth.
854 2845 922 2904 Nic.
939 2845 963 2919 Ι,
987 2852 1017 2919 6,
1044 2845 1167 2917 10971),
1193 2848 1248 2906 23;
1272 2848 1417 2906 ποθεῖται
1443 2844 1470 2906 d’

351 2930 572 3009 ἐναργέστερον
595 2936 627 2992 τί
639 2930 722 2994 ἐστιν
734 2927 780 2994 ’ἐτι
802 2934 964 3010 λεχθῆναι;
990 2934 1029 2997 ib.
1045 2934 1087 3006 Χ,
1106 2938 1134 3006 2,
1160 2936 1242 2996 1173
1260 2955 1287 3008 ιι,
1316 2937 1370 2994 192
1395 2930 1469 2996 καθ’

353 3011 388 3094 dc
410 3020 549 3098 ἐναργῶς
572 3036 645 3097 φασι
668 3027 790 3095 μᾶλλον
817 3027 867 3083 καὶ
889 3016 985 3100 ἧττον
1013 3019 1089 3096 τοὺς
1111 3019 1223 3096 ποιοὺς
1245 3019 1397 3099 ὑπάρχειν
1419 3028 1473 3085 καὶ

351 3106 511 3188 πράττεινς
530 3120 609 3190 poet.
631 3115 680 3183 17,
701 3116 822 3186 14552,
849 3115 904 3174 24:
929 3103 1016 3174 olivo>
1039 3109 1099 3191 γὰρ
1121 3112 1328 3192 ἐναργέστατα
1349 3108 1473 3192 dipsis

352 3193 455 3277 ὥσπερ
478 3195 614 3276 εὑρίσκοι
637 3197 673 3260 τὸ
695 3200 825 3279 πρέπον.

441 3286 676 3367 κατάχρησις.
732 3291 818 3374 Illius
852 3292 968 3370 figurae
1004 3294 1161 3372 perpaucis
1190 3294 1265 3353 locis
1296 3294 1406 3353 mentio
1438 3294 1473 3353 lit

351 3379 511 3460 01681),
535 3381 639 3441 0359
657 3381 695 3455 D,
720 3383 827 3443 K339
848 3381 938 3468 ΒΘ,
963 3388 988 3442 Ζ
1005 3385 1067 3443 325
1092 3383 1130 3465 A,
1156 3383 1208 3463 qui
1231 3391 1350 3462 praeter
1371 3381 1471 3442 locum

353 3487 391 3528 ex
414 3469 442 3528 A
465 3467 584 3528 infimae
607 3467 754 3530 debentur
777 3472 882 3546 aetati,
914 3474 957 3530 ita
985 3472 1125 3533 utnulla
1148 3474 1288 3549 cognatio
1311 3471 1473 3533 statuenda

353 3559 391 3618 sit
414 3577 481 3617 cum
497 3559 666 3633 Aristotele,
692 3561 744 3639 qui
766 3580 871 3620 vocem
895 3561 1019 3640 praebet
1035 3560 1071 3620 de
1086 3562 1170 3621 caelo
1193 3565 1256 3633 Ι3,
1282 3563 1345 3622 370
1364 3561 1393 3641 b,
1412 3566 1471 3624 24:

352 3641 561 3724 Ἀναξαγόρας
590 3648 816 3727 κατακέχρηται
843 3655 888 3732 τῷ
917 3645 1049 3724 ὀνόματι
1079 3648 1183 3731 τούτῳ
1220 3647 1275 3735 (sc.
1301 3645 1406 3729 αἰθὴρ)
1431 3647 1472 3712 οὐ

352 3754 501 3761 ———

443 3804 463 3874 ¹)
482 3804 635 3860 Discrimen
658 3805 731 3860 inter
755 3806 880 3861 Platonis
906 3812 936 3862 et
953 3806 1115 3862 Aristotelis
1139 3806 1306 3878 principium
1329 3807 1472 3864 dividendi

354 3875 484 3930 hocloco
503 3877 639 3945 respicere
659 3893 711 3931 non
731 3893 800 3945 opus
819 3883 870 3932 est.

444 3947 465 4017 ῃ)
483 3947 591 4002 Usener
613 3947 733 4004 enimin
756 3949 939 4005 relationibus
958 3950 1115 4005 academiae
1133 3949 1293 4017 stsrieae,
1320 3951 1398 4009 1892,
1418 3953 1471 4006 616

353 4018 497 4074 contendit
519 4018 710 4074 Aristarchum
735 4020 847 4088 eiusque
872 4022 1002 4088 aequales
1026 4021 1086 4076 iere
1109 4021 1150 4077 sic
1174 4023 1225 4076 hae
1249 4022 1282 4077 de
1306 4037 1337 4077 re
1361 4024 1471 4078 locutos

353 4106 422 4156 esse,
447 4096 479 4145 ut
497 4089 671 4146 Aristonicus
697 4091 767 4145 lacit
786 4107 808 4147 ο.
829 4109 856 4160 g.
881 4095 986 4149 Haec:
1013 4091 1056 4144 ὅτι
1079 4096 1267 4160 μεταβέβηκεν
1286 4094 1314 4144 ἐκ
1337 4095 1386 4144 τοῦ
1404 4091 1472 4164 πρὸς

352 4160 403 4213 τὸν
417 4159 581 4248 Πάτροκλον
592 4160 671 4231 λόγου
691 4166 734 4213 καὶ
753 4166 789 4218 εἰς
807 4163 857 4215 τὸν
875 4168 935 4236 περὶ
954 4164 1052 4216 αὐτοῦ·
1071 4168 1156 4236 εἴρηκε
1168 4164 1220 4237 γὰρ
1239 4163 1337 4232 ἔβαλε
1356 4170 1400 4216 καὶ
1412 4164 1472 4230 οὐχὶ

354 4231 473 4372 scarp?
485 4231 520 4360 dl.
533 4232 756 4362 {blitildis
773 4306 791 4362 1.
811 4306 829 4364 1.
848 4310 900 4363 sie
919 4308 983 4364 aaa.

445 4375 629 4448 bmpffl
