3390 5140
714 451 934 507 ...93-

265 627 378 700 καλοῖς.
426 627 470 690 cf.
503 626 564 689 cic.
598 645 639 688 or.
673 628 725 700 27,
751 629 806 687 94:
839 625 1016 688 Aristoteles
1046 635 1145 688 autem
1175 628 1327 689 tralationi
1354 637 1384 690 et

265 716 340 776 haec
361 718 429 798 ipsa
452 717 609 795 subiungit
630 724 661 775 et
684 714 871 791 abusionem,
896 736 987 797 quam
1010 715 1200 796 κατάχρησιν
1223 727 1323 800 vocat,
1348 729 1382 777 ut
1407 756 1412 762 ·

265 826 333 866 cum
356 807 504 866 minutum
528 805 652 865 dicimus
675 807 804 865 animum
829 826 883 886 pro
906 803 1039 888 parvol)

353 898 493 971 κλῖμαξ
515 896 656 956 statuitur
680 895 717 954 ad
741 896 765 954 B
785 899 857 968 102,
882 896 934 956 ubi
953 896 1077 955 historia
1097 899 1208 977 sceptri
1223 898 1382 975 Agamem·

265 986 352 1044 nonis
376 985 552 1064 narratur.²)
598 985 695 1060 Quam
718 1005 821 1044 vocem
846 985 999 1046 Aristoteli
1021 987 1155 1063 ignotam
1178 987 1270 1046 fuisse
1293 989 1382 1066 signi·

264 1074 403 1135 licentem
432 1096 498 1135 eam
521 1073 705 1153 gradationis
728 1075 869 1155 figuram,
902 1093 963 1156 qua
986 1075 1088 1135 codem
1112 1077 1205 1137 verbo
1229 1079 1382 1156 superiora

264 1164 454 1224 inferioribus
477 1173 672 1225 conectuntur
693 1165 792 1224 elucet
807 1185 845 1224 ex
864 1185 897 1225 κ.
915 1160 1008 1246 ζῴων
1023 1165 1170 1240 γενέσεως
1193 1171 1258 1228 274
1273 1187 1301 1238 a,
1325 1169 1382 1226 28:

228 1249 231 1256 ’
264 1249 306 1313 έτι
330 1255 363 1314 δὲ
384 1250 469 1332 παρὰ
492 1255 589 1315 ταῦτα
612 1249 656 1326 ὡς
679 1251 867 1330 Ἐπίχαρμος
896 1266 979 1315 ποιεῖ
1004 1251 1060 1332 τὴν
1087 1251 1327 1333 έποικοέόμησιν
1349 1255 1383 1316 έκ

264 1347 317 1419 τῆς
340 1344 485 1422 διαβολῆς
507 1341 525 1420 ι)
549 1344 699 1421 λοιδορία,
723 1341 756 1403 ἐκ
780 1344 812 1404 δέ
836 1340 950 1421 ταύτης
964 1338 982 1421 ἡ
998 1341 1091 1421 μάχη,
1116 1351 1215 1405 ταῦτα
1231 1345 1265 1406 δὲ
1279 1342 1382 1406 πάντα

264 1429 298 1492 έκ
321 1453 404 1505 τινος
427 1430 445 1511 ι)
468 1428 548 1510 ἆρχε)
572 1433 626 1510 τῆς
647 1431 809 1513 κινησεως;
834 1434 871 1492 cf.
895 1435 970 1495 rhet.
987 1439 1012 1506 I,
1040 1436 1067 1514 7,
1095 1436 1179 1494 1365
1196 1455 1223 1514 a,
1252 1439 1305 1496 16:
1330 1436 1382 1494 καί

263 1518 301 1582 τὸ
324 1523 501 1584 συντιθέναι
525 1525 557 1583 δὲ
580 1525 631 1583 καὶ
653 1521 872 1596 ἐποικοδομεῖν
895 1516 998 1600 ὥσπερ
1019 1520 1218 1601 Ἐπίχαρμος
1242 1525 1381 1584 Ananim.

264 1611 337 1674 rhet.
365 1615 395 1684 4,
424 1617 507 1673 1426
531 1613 561 1685 b,
587 1609 648 1691 23)
695 1612 777 1671 Idem
801 1623 926 1672 testatur
942 1613 1117 1672 Eustathius
1141 1617 1170 1673 B
1188 1617 1246 1674 101
1273 1609 1380 1697 (181):

262 1695 300 1760 τὸ
325 1701 357 1761 δέ
374 1705 475 1778 σχῆμα
492 1707 550 1762 τοῦ
566 1699 719 1780 ῥηθέντος
741 1705 861 1780 χωρίου
884 1705 1018 1774 κλίμακα
1041 1705 1092 1762 καί
1114 1699 1313 1775 κλιμακωτὸν
1335 1703 1382 1764 λέ-

263 1804 374 1865 γουσιν
409 1791 438 1850 οί
468 1795 603 1865 παλαιοί,
642 1785 744 1869 έτεροι
772 1792 805 1852 δὲ
835 1787 1085 1868 έποικοὸὁμησιν,
1122 1794 1170 1851 cui
1200 1793 1382 1852 simillimum

267 1883 298 1940 Y
309 1883 373 1940 214
397 1881 520 1960 (1205).

353 1970 551 2043 οἰκονομία
574 1990 634 2030 uno
657 1979 772 2030 tantum
797 1970 861 2030 loco
885 1969 923 2028 ad
947 1981 1040 2030 artem
1063 1971 1205 2049 pertinet,
1229 1980 1309 2050 poet.
1329 1975 1380 2050 13,

266 2061 388 2134 14532,
415 2062 466 2139 29,
490 2060 542 2119 nbi
559 2057 596 2118 de
611 2059 755 2139 Euripide
779 2058 863 2121 dicit:
889 2061 916 2120 εἰ
936 2062 987 2119 καί
1009 2054 1048 2119 τὰ
1072 2054 1151 2120 ἄλλα
1172 2054 1215 2136 μὴ
1239 2054 1274 2120 εὖ
1296 2061 1380 2121 οἰκο-

263 2159 365 2222 νομεῖ,
398 2143 478 2209 ἀλλὰ
508 2145 741 2227 τραγικώτατος
772 2169 806 2224 γε
836 2149 901 2209 τῶν
930 2149 1072 2227 ποιητῶν
1101 2153 1251 2224 φαίνεται.
1298 2151 1380 2227 Ergo

263 2237 393 2297 nondum
410 2249 475 2298 erat
489 2260 550 2299 vox
565 2240 726 2310 sollemnis,
749 2259 810 2319 qua
826 2240 999 2315 compositio
1014 2239 1136 2299 fabulae
1156 2237 1380 2322 significaturfl)

263 2325 396 2386 Verbum
425 2341 669 2407 προοικονομεῖν
692 2329 867 2389 Aristoteles
899 2328 992 2390 semel
1021 2339 1136 2388 tantum
1164 2328 1256 2388 habet
1279 2348 1379 2392 oecon.

262 2417 334 2490 1,3,
354 2420 438 2478 1343
464 2419 492 2492 b,
512 2423 566 2482 26:
591 2414 858 2496 προοικονομηται
880 2414 944 2478 ὑπὸ
966 2423 1025 2480 τοῦ
1047 2422 1136 2479 θείου
1158 2413 1176 2495 ι)
1201 2413 1292 2493 φύσις
1313 2416 1328 2480 ἑ
1367 2452 1380 2464 ·

261 2504 364 2583 τέρου,
389 2507 469 2587 quod
492 2510 614 2567 minime
636 2506 675 2566 ad
699 2518 792 2567 artem
820 2509 995 2567 rhetoricam
1024 2517 1149 2587 spectat.
1197 2509 1380 2570 Posteriores

262 2605 362 2656 autem
392 2601 640 2675 προοικονομίαν
671 2596 824 2655 habebant
854 2616 909 2676 pro
940 2597 1087 2672 singulari
1113 2597 1212 2673 figura
1239 2599 1379 2677 oratoria,

263 2703 324 2764 qua
347 2707 426 2765 quae
449 2696 626 2767 sequuntur,
650 2694 884 2765 praeparantnr3
916 2685 952 2744 of.
979 2706 1004 2748 e.
1030 2706 1058 2762 g.
1084 2685 1298 2764 Herodianum,
1323 2687 1380 2760 111,

264 2777 342 2848 103,
369 2781 386 2834 5
415 2775 482 2855 Sp:
517 2777 744 2852 προοικονομία
772 2779 880 2836 τοίνυν
903 2773 984 2835 ἐστίν
1005 2769 1024 2852 ι)
1049 2771 1086 2834 τὰ
1108 2774 1262 2847 μέλλοντα
1286 2777 1380 2837 θιατί-

261 2866 375 2925 θεσθοι
396 2863 740 2943 προπαρασκευάζουοα
762 2864 849 2940 λέξις.

352 2951 637 3026 ὀνοματοποιία.
677 2956 743 3014 Ηοο
759 2975 866 3014 nomen
880 2955 1074 3035 imposuimus
1090 2964 1178 3014 notae
1194 2955 1237 3014 illi
1252 2957 1378 3034 figurae,
1479 2975 1482 2982 ’

262 3064 323 3123 qua
346 3045 506 3104 verborum
522 3065 691 3126 vocumque
706 3046 833 3125 strepitu
849 3064 937 3105 sonos
952 3045 1063 3104 imitari
1079 3043 1241 3106 studemus.
1281 3044 1378 3119 Quam

261 3143 353 3194 artem
370 3133 518 3194 Homerus
543 3137 654 3215 optime
676 3136 821 3206 exercuit,
846 3145 880 3194 ut
902 3144 982 3195 recte
998 3135 1172 3194 Eustathius
1194 3134 1274 3194 dicat
1293 3137 1319 3194 A
1337 3138 1378 3195 34

263 3221 350 3305 (32)ε
380 3215 499 3303 τρόπος
526 3218 685 3301 ποιητικὸς
707 3226 758 3284 καί
782 3218 858 3300 αὐτὴ
881 3223 1055 3302 μιμουμένη
1078 3219 1154 3297 τοὺς
1176 3225 1243 3285 τῶν
1266 3220 1378 3297 ὀνομά-

262 3331 327 3372 των
356 3308 452 3390 ἥχους
475 3360 482 3375 .
507 3317 558 3374 καί
582 3313 664 3389 γέμει
687 3309 802 3390 ταύτης
824 3308 843 3388 ι)
866 3317 994 3391 ποίησις.
1043 3313 1144 3389 Quare
1167 3317 1325 3374 sescenties
1348 3315 1380 3373 in

265 3401 384 3462 scholiis
407 3404 551 3464 lectorum
575 3405 691 3462 animus
714 3402 793 3461 hanc
823 3400 861 3460 ad
889 3403 1029 3462 virtutem
1061 3403 1237 3466 advertitur.
1283 3403 1379 3479 Quam

263 3491 509 3568 significationem
541 3503 642 3553 tamen
672 3512 733 3552 non
763 3511 828 3552 esse
857 3492 976 3551 unicam
1006 3511 1162 3552 monemur
1192 3493 1256 3553 loco
1285 3493 1379 3568 Quin-

262 3580 359 3640 tiliani
383 3582 468 3658 VIII,
494 3589 523 3656 6,
549 3577 627 3664 31⁶)
656 3582 903 3661 „onomatopoeia
935 3579 1070 3660 quidem,
1103 3582 1133 3641 id
1157 3593 1201 3642 est
1223 3583 1302 3642 fictio
1325 3602 1379 3642 no·

261 3705 340 3712 ιι--.-.
355 3709 473 3714 ----—.-—

353 3755 373 3825 ¹)
393 3755 480 3811 Valde
493 3756 597 3824 dubito,
616 3772 681 3812 num
696 3756 789 3812 Cicero
804 3755 930 3810 alluserit
948 3755 984 3810 ad
1002 3755 1091 3809 locum
1110 3754 1189 3810 illum
1208 3772 1243 3811 ex
1261 3757 1331 3811 libro
1345 3757 1379 3812 de

262 3827 346 3894 caelo,
365 3833 398 3882 ut
417 3827 556 3882 Ciceronis
575 3829 698 3884 editores
716 3829 822 3883 volunt.

352 3897 374 3986 f)
394 3898 467 3983 Satis
491 3899 530 3953 sit
544 3899 804 3992 ‘excerpere'verba
822 3899 924 3990 codicis
943 3898 981 3953 A.
1006 3898 1138 3969 ὁτρόνιος
1157 3897 1254 3966 κλιμαξ
1265 3913 1271 3928 ·
1282 3898 1315 3951 τὸ
1335 3898 1378 3967 λῆ-

261 3991 311 4039 ⁷⁰⁹
328 3990 380 4112 ΙΙ)
393 3967 580 4112 33έὲ1ξὲ3
595 3969 1083 4099 1333ῗέ34333ίὲ1311
1111 4041 1180 4096 οι.
1200 4045 1260 4096 ιιι.

351 4113 374 4185 ⁴)
394 4115 521 4170 Ceterum
550 4085 604 4168 iam
628 4084 857 4185 Trendelenbnlg
879 4083 935 4169 l.'L
959 4131 985 4184 p.
1005 4115 1040 4170 80
1067 4083 1129 4169 adn.
1154 4121 1183 4168 ot
1205 4131 1231 4182 p.
1257 4116 1290 4167 79
1314 4113 1377 4169 adn.

262 4192 337 4242 recte
362 4187 523 4242 observavit
541 4202 623 4241 voces
642 4191 799 4255 οἰκονομίαν
818 4193 847 4240 et
864 4183 999 4237 ποικιλίαν
1022 4184 1056 4240 de
1075 4184 1227 4240 carminum
1247 4186 1378 4254 composi·

262 4258 336 4314 tione
359 4265 389 4314 et
406 4272 507 4330 genere
530 4257 639 4312 dicendi
659 4267 808 4331 usurpatas
826 4259 900 4313 haud
921 4274 983 4314 raro
1003 4257 1060 4328 legi
1073 4257 1102 4311 in
1115 4256 1262 4330 Porphyrii
1281 4272 1377 4326 quaes-

262 4330 384 4386 tionibus
402 4329 565 4386 Homericis.

353 4404 374 4475 ⁶)
394 4405 427 4461 cf.
448 4403 541 4472 Quint.
561 4401 583 4472 I,
603 4402 628 4470 5,
648 4404 690 4458 72.
