3390 5140
663 509 877 569 ...67-

213 691 286 762 411,
312 691 367 752 26:
397 689 599 766 παραγίνεται
622 686 655 747 δὲ
678 681 766 764 χάρις
788 687 838 746 καί
861 679 930 765 (δρα
945 687 993 768 τῷ
1014 682 1101 770 λόγῳ
1125 682 1183 747 οὐκ
1205 684 1239 746 ἐκ
1262 685 1327 747 τῶν

211 777 357 853 ἱστοριῶν
385 775 488 850 μόνον
515 779 565 836 καί
589 774 622 835 ἐκ
644 780 704 836 τοῦ
726 771 922 854 διηγήματος,
956 771 1021 837 ἀλλ’
1047 775 1081 838 ἐκ
1104 776 1157 854 τῆς
1187 770 1328 851 ἀφελείας

212 869 262 926 καί
285 861 461 944 ἁπλότητος
483 866 543 926 τοῦ
565 859 665 942 ἢδους
691 869 749 926 τοῦ
772 865 920 940 λέγοντος
933 911 939 926 .
953 862 1164 928 ἀκατάσκευον
1187 861 1247 944 γὰρ
1269 860 1327 926 τὸν

212 951 311 1031 λόγον
333 952 410 1016 είναι
433 957 482 1016 δεῖ
502 957 552 1015 καί
568 950 724 1016 τὰπολλὰ
743 951 925 1029 ἀσύνδετον,
950 952 989 1015 οὐ
1008 952 1121 1028 κώλοις
1136 950 1209 1016 οὐδὲ
1224 951 1327 1034 περιό-

212 1045 279 1118 δοις
309 1048 510 1120 συγκείμενον
534 1039 613 1106 ἀλλά
640 1041 936 1124 συγγραφικώτερον
962 1041 1032 1106 οίόν
1055 1043 1118 1106 ἐστι
1140 1046 1191 1106 καί
1213 1039 1251 1105 τὸ
1274 1043 1329 1122 τῆς

211 1139 319 1208 λαλιᾶς
348 1132 439 1208 εἶδος,
471 1133 552 1215 quod
583 1154 687 1195 rursus
718 1137 842 1214 egregie
873 1135 1011 1195 convenit
1041 1154 1108 1194 oum
1131 1135 1328 1212 Hermogenis

213 1218 420 1306 praeceptis.1)
466 1224 532 1300 Quo
555 1226 651 1303 magis
674 1225 765 1284 etiam
788 1244 879 1304 quam
903 1245 949 1300 eo,
974 1223 1055 1304 qnod
1072 1223 1236 1284 Menander
1252 1223 1327 1283 Her·

212 1316 346 1392 mogenis
370 1323 463 1374 artem
495 1315 712 1374 commentariis
735 1315 885 1388 instruxit,
917 1322 1051 1394 apparet,
1083 1323 1228 1395 quantam
1258 1332 1327 1372 auc·

212 1405 360 1463 toritatem
383 1405 442 1462 iam
466 1412 529 1463 tum
553 1404 752 1480 Hermogenis
775 1401 911 1464 doctrina
933 1404 1081 1466 hebuerit.

300 1491 405 1554 Eidem
435 1495 526 1553 aetati
549 1491 725 1552 tribuendus
748 1512 813 1552 esse
835 1490 955 1552 videtur
981 1493 1214 1579 Metrophanes,
1244 1493 1328 1552 ouius

212 1601 251 1642 ex
273 1584 481 1643 commentario
505 1583 672 1661 conscripto
705 1581 742 1641 de
771 1580 846 1641 ideis
870 1581 1067 1661 Hermogenis
1094 1582 1176 1642 haud
1200 1583 1328 1661 exiguus

211 1693 353 1734 numerus
375 1673 609 1750 fragmentorum
633 1679 732 1730 exstat
753 1672 785 1730 in
808 1670 929 1730 scholiis
953 1669 991 1730 ad
1013 1667 1276 1757 Hermogenem.²)

300 1762 408 1841 Neque
438 1761 607 1820 omittamus
633 1759 821 1844 Longinum
851 1760 1046 1839 philologum,
1078 1761 1237 1841 Porphyrii
1267 1781 1328 1820 ma·

211 1853 338 1928 gistrum
369 1869 447 1909 anno
472 1851 538 1910 273·
560 1849 716 1908 Aureliani
745 1851 829 1909 iussu
859 1850 1005 1928 supplicio
1036 1851 1182 1925 punitum,
1215 1851 1287 1930 quia
1310 1870 1329 1909 a

211 1939 348 2020 partibus
383 1937 534 1997 Zenobiae
569 1940 665 2011 stetit,
701 1957 790 2017 quem
825 1939 1066 1998 commentarium
1102 1940 1256 2017 scripsisse
1289 1938 1328 1997 ad

212 2030 307 2087 libros
330 2029 400 2104 περί
422 2025 515 2087 ἰδεῶν
537 2029 609 2087 satis
633 2027 792 2087 verisimile
816 2037 869 2089 est.
915 2026 1026 2088 Omnes
1057 2028 1136 2087 enim
1166 2027 1228 2088 fere
1258 2026 1326 2106 loci,

212 2116 323 2197 quihus
346 2126 465 2195 praeter
496 2127 588 2177 artem
618 2127 767 2177 servatam
798 2117 929 2195 Longini
959 2119 1174 2178 sententiarum
1205 2115 1242 2177 de
1264 2130 1329 2176 arte

211 2205 360 2286 ¹rhetorica
383 2207 494 2266 mentio
517 2205 560 2287 fit,
579 2215 699 2267 exstant
715 2208 747 2267 in
763 2208 989 2284 commentariis,
1014 2208 1067 2288 qui
1091 2215 1162 2267 sunt
1184 2204 1222 2265 ad
1237 2206 1329 2266 libros

212 2293 249 2352 de
271 2289 384 2371 ideis.⁸)
432 2293 563 2368 Accedit,
597 2295 678 2375 quod
706 2294 788 2376 apud
817 2297 1031 2356 Ruhnkenium
1063 2297 1206 2377 scriptum
1237 2290 1328 2379 est:⁴)

211 2384 274 2456 „reg
304 2377 361 2460 τὴν
390 2380 557 2463 ῥητορικὴν
578 2379 801 2463 Ἑρμογένουςε
833 2387 865 2444 in
896 2385 1078 2446 bibliotheca
1102 2383 1328 2446 Vindobonensi

212 2482 333 2532 exstant
363 2476 566 2535 enarrationes
598 2475 796 2552 Hermogenis
827 2484 970 2556 excerpta
1000 2496 1038 2536 ex
1068 2477 1220 2555 Longino,
1256 2475 1328 2535 lam·

212 2561 319 2642 hlieho,
344 2561 480 2642 Syriano,
504 2564 657 2643 Simplicio
682 2575 711 2622 et
735 2563 810 2641 aliis,
834 2563 886 2623 sed
902 2573 984 2625 totus
999 2565 1120 2625 libellus
1135 2565 1328 2643 mangonium

210 2653 318 2731 sapit.“
369 2652 550 2732 Plerumque
574 2662 673 2711 autem
700 2662 795 2728 agunt
817 2652 986 2730 fragmenta
1009 2653 1046 2714 de
1069 2657 1209 2717 numeris.

301 2741 434 2800 Handem
448 2743 602 2800 materiam
618 2751 748 2802 tractant
761 2742 853 2801 verbs
865 2743 995 2821 Longini
1007 2742 1130 2802 laudata
1141 2744 1172 2802 in
1185 2743 1328 2802 Lachesis

211 2828 341 2909 quodam
356 2817 528 2907 fragmento!
541 2851 637 2913 nuper
652 2851 670 2890 a
683 2830 840 2892 Graeveno
852 2833 966 2913 publici
982 2833 1055 2892 iuris
1071 2829 1190 2912 ἀραιοῦ)
1221 2831 1329 2892 Studet

211 2927 310 2979 autem
335 2919 382 2978 vir
405 2919 455 2979 ille
479 2919 583 2980 doctus
605 2921 636 2979 in
661 2922 713 2996 eis,
738 2941 817 3002 quae
832 2920 871 2980 ad
886 2922 1029 2980 Lacharis
1052 2923 1328 3002 interpretationem

211 3007 329 3084 adiecit,
367 3006 570 3070 demonstrare
598 3021 740 3090 excerpta
763 3032 780 3071 e
803 3012 956 3093 Longino,
989 3030 1068 3091 quae
1099 3020 1217 3071 exstant
1247 3009 1329 3091 apud

211 3097 418 3181 Spengelium,
443 3099 518 3160 rhet.
545 3097 596 3164 Gr.
619 3100 659 3179 1²,
691 3105 753 3162 213
777 3120 842 3181 sqq.
865 3101 976 3160 iniuria
1000 3121 1019 3159 ιι
1042 3101 1204 3181 Spengelio
1225 3100 1330 3160 habits

210 3207 275 3247 esse
297 3207 351 3266 pso
375 3183 527 3272 spuriis,⁶)
550 3190 639 3249 immo
663 3187 785 3250 fluxisse
808 3210 847 3249 ex
867 3190 953 3263 libro,
979 3191 1031 3270 qui
1046 3191 1218 3250 inscribitur
1241 3187 1328 3268 φιλό-

209 3281 298 3351 λογοι
330 3273 455 3350 ὁμιλίαι.
510 3281 612 3358 Atque
640 3298 698 3356 ego
722 3299 843 3359 quoque
871 3288 945 3360 puto
967 3279 1163 3359 Spengelium
1194 3300 1256 3340 rem
1281 3300 1328 3340 ce·

210 3366 301 3424 letius
333 3369 442 3444 egisse,
474 3387 574 3447 neque
598 3367 685 3428 video
715 3371 823 3428 iustam
854 3389 990 3443 causam,
1022 3389 1075 3429 cur
1101 3370 1156 3428 illo
1187 3378 1329 3448 excerpta

210 3455 349 3531 Longino
380 3457 593 3518 abiudicemus.
652 3458 731 3518 Nam
761 3478 814 3518 suo
844 3460 911 3518 iure
942 3457 1096 3518 contendit
1126 3458 1267 3519 Graeven
1298 3459 1329 3517 in

211 3555 350 3624 excerpto
375 3548 393 3604 2
417 3545 580 3625 legendum
611 3567 675 3607 esse
706 3568 774 3607 oum
796 3549 980 3608 Ruhnkenio
1011 3569 1065 3629 pro
1096 3547 1221 3625 λέγουσι
1252 3546 1329 3624 λέγει

213 3643 243 3693 et
265 3632 437 3713 repudiavit
451 3636 606 3716 Spengelii
623 3639 815 3696 mutationem
831 3639 912 3697 vocis
927 3641 1082 3714 Λογγῖνος
1104 3639 1135 3697 in
1159 3641 1327 3714 Λογγῖνον.

210 3722 319 3802 Neque
346 3723 424 3783 male
446 3736 550 3786 contra
573 3725 728 3805 Spengelii
751 3727 843 3786 verba
871 3746 989 3807 „neque
1013 3728 1061 3787 hio
1085 3728 1242 3788 Aristidem
1267 3728 1329 3788 lau·

211 3811 329 3872 dasset“
363 3813 448 3874 affert
479 3815 572 3875 verba
601 3835 639 3876 ex
662 3816 881 3895 prolegomenis
905 3816 944 3876 ad
968 3815 1139 3899 Aristidem,
1148 3812 1173 3900 ⁷)
1205 3816 1328 3896 quibus·

213 3955 281 3962 ...ψη-ι
285 3955 347 3962 ..ι--
357 3957 377 3962 -..
386 3957 424 3962 ..-

303 4022 323 4093 ¹)
343 4023 377 4077 cf.
398 4039 420 4078 e.
441 4039 467 4094 g.
488 4023 638 4106 thessal
659 4023 703 4094 Sp,
724 4030 762 4110 et,
771 4025 974 4109 Hermogenem
993 4025 1103 4096 passim.

300 4094 320 4165 ⁹)
340 4091 427 4149 Locos
447 4095 573 4180 illelmus
593 4104 735 4153 enumeret
754 4113 781 4152 in
800 4099 898 4167 rnd1oo,
918 4098 965 4168 IX,
985 4101 1045 4154 645.

298 4165 321 4307 :q
340 4166 374 4292 qi.
395 4166 541 4293 lllgaquqm,
562 4167 609 4237 lX,
629 4171 689 4226 643.

299 4309 321 4413 Σ)
338 4255 392 4364 sili
408 4278 563 4414 ΙΕἰειριιίξιιτ
582 4310 630 4366 des
648 4310 794 4381 Lacheres,
812 4311 842 4366 in
860 4313 980 4370 Hermae
999 4315 1053 4370 vol.
1071 4318 1115 4384 30,
1134 4316 1186 4371 289
1205 4329 1263 4383 sqq.

301 4386 323 4523 ἀ
341 4381 480 4510 illiciis
498 4382 540 4508 ii.
553 4382 686 4520 hilii,
705 4453 757 4522 111,
778 4457 882 4522 741,10.

1040 4525 1167 4620 ,ὅῂ
