3390 5140
802 497 1021 557 ..30-

443 675 503 734 Sed
527 685 627 734 tamen
651 695 688 735 ex
710 675 764 733 illa
791 675 895 734 intima
923 675 1147 754 propinquitate
1173 675 1307 734 locorum
1338 672 1469 734 nondum

353 766 497 844 sequitur,
522 773 556 822 ut
579 763 654 823 alter
678 784 717 824 ex
740 763 834 824 altero
858 762 1026 842 descriptus
1050 763 1097 838 sit,
1122 783 1189 822 cum
1204 762 1286 824 illam
1303 763 1470 824 Aristotelis

354 853 528 914 divisionem
556 873 658 913 omnes
688 855 866 933 posteriores
897 847 1114 936 acceperint¹):
1147 852 1183 915 cf.
1214 873 1240 916 e.
1265 873 1296 930 g.
1321 852 1416 927 Quint
1439 857 1468 931 2,

358 945 412 1015 17,
438 948 471 1024 8,
500 942 610 1004 Cornif.
637 947 664 1016 1,
691 947 720 1016 2,
747 947 781 1017 2,
813 942 890 1006 Gell.
916 947 949 1015 7,
977 945 1031 1016 14,
1063 940 1228 1004 Philodem.
1261 945 1357 1016 31,21
1384 939 1470 1024 (ergo

354 1033 495 1111 Epicurei
518 1031 643 1099 eandem
667 1042 850 1111 acceperuut
872 1031 1059 1111 doctrinam),
1083 1033 1119 1094 D.
1140 1031 1174 1092 L.
1204 1033 1231 1108 7,
1256 1034 1297 1092 42
1323 1033 1390 1108 (neo
1411 1051 1471 1092 nou

354 1123 459 1199 stoici),
484 1122 559 1184 rhet.
590 1121 641 1182 Gr.
666 1122 706 1197 ΙΙ,
734 1125 766 1196 2,
791 1121 831 1200 ΙΙ,
859 1124 935 1196 122,
963 1121 1018 1193 IV,
1046 1122 1123 1196 713,
1155 1121 1193 1195 V,
1219 1121 1294 1195 212,
1322 1123 1384 1182 335
1409 1121 1470 1193 W,

353 1211 396 1270 ita
415 1222 450 1270 ut
464 1223 543 1271 recte
560 1210 669 1271 dixerit
683 1206 912 1292 Spengelius2p
941 1210 1059 1284 ,Wenn
1081 1209 1158 1270 auch
1175 1208 1223 1270 die
1239 1218 1378 1289 spateren
1394 1209 1471 1270 Rhe·

354 1310 437 1360 toren
463 1298 520 1361 den
544 1300 718 1361 Aristoteles
749 1301 848 1377 wenig
878 1300 1041 1376 beachten,
1075 1297 1215 1360 indirekt‘
1237 1300 1277 1360 ist
1305 1299 1397 1360 vielee
1423 1299 1472 1361 fuir

353 1391 458 1450 immer
480 1389 621 1467 geltende
644 1390 737 1450 Norm
760 1388 952 1467 geworden“.

442 1481 530 1539 Ratio
561 1499 680 1560 prorsus
710 1480 825 1541 similis,
847 1477 1003 1539 intercedit
1037 1479 1115 1538 inter
1149 1478 1263 1538 scholia
1294 1477 1333 1537 ad
1365 1479 1471 1540 1303

355 1568 494 1646 ἐναργῶς
523 1569 557 1629 δὲ
579 1568 731 1644 πέφανται
754 1563 792 1630 τὸ
816 1571 885 1646 περὶ
908 1563 945 1629 τὸ
970 1565 1050 1646 δόρυ
1072 1563 1141 1642 μεθ’
1168 1563 1266 1646 ὁρμῆς
1287 1563 1473 1644 ἐκχεόμενον

356 1656 430 1732 αἷμα
453 1660 502 1719 καὶ
525 1657 643 1732 πάντας
665 1655 828 1736 ἐμψύχους
851 1657 952 1734 ἐλεγεν
972 1655 1049 1718 εἶναι
1066 1652 1151 1735 παρὰ
1167 1654 1252 1739 αὐτῷ
1269 1653 1323 1730 τὰς
1331 1655 1356 1736 ⁸)
1380 1657 1474 1732 λέξεις

356 1742 568 1826 Ἀριστοτέλης.
604 1749 666 1811 ΒΤ.
720 1751 831 1809 ,4481
864 1747 1039 1826 πρῆσεν]
1064 1741 1271 1824 Ἀριστοτέλης
1304 1749 1395 1825 φησὶν
1430 1741 1475 1820 ὡς

355 1835 522 1910 κινούμενα
545 1832 687 1910 ὀνόματα
710 1833 818 1916 γράψει
842 1833 859 1897 ὁ
883 1834 1019 1914 ποιητὴς.
1056 1837 1118 1899 ΒΤ.
1166 1837 1202 1898 cf.
1232 1843 1267 1898 Π
1287 1841 1349 1898 283
1379 1833 1473 1898 πάμ-

355 1927 475 2006 τηνεν]
509 1925 691 1989 δεινότατον
721 1927 787 1988 τῶν
817 1925 903 1986 ἐπῶν
932 1920 1073 2004 Ὁμήρου
1101 1924 1196 1996 τοῦτό
1226 1942 1320 2004 φησιν
1343 1923 1474 2004 Ἀριστο-

355 2016 456 2096 τέλης,
488 2013 522 2077 ἐν
545 2009 571 2098 ᾧ
594 2013 708 2090 πάντες
739 2021 920 2092 ψενκτιῶοι,
950 2017 1001 2075 καὶ
1025 2017 1141 2077 οἰκεῖον
1163 2012 1343 2094 βαρβάρων.
1382 2016 1419 2080 Τ.
1444 2025 1475 2075 et

355 2105 430 2166 rhet.
456 2107 511 2182 ΙΙΙ,
540 2111 590 2180 11,
618 2110 700 2168 1411
727 2108 755 2185 b,
782 2109 820 2167 31
845 2126 927 2188 sqq.,
956 2107 1090 2185 inprimis
1116 2111 1237 2177 1412a,
1263 2111 1282 2167 8
1306 2101 1474 2187 κινούμενα

355 2191 415 2272 γὰρ
438 2197 488 2255 καὶ
506 2189 615 2272 ’ζῶντα
637 2207 720 2256 ποιεῖ
741 2191 852 2276 πάντα,
878 2192 896 2272 ἡ
919 2189 946 2254 d’
972 2192 1107 2272 ἐνέργεια
1127 2191 1282 2276 κίνησιςβ)
1306 2194 1387 2255 unde
1403 2194 1474 2254 Plu-

355 2286 477 2344 tarchus
501 2305 623 2366 quoque
646 2283 765 2365 pendet,
791 2284 828 2345 de
851 2285 938 2364 Pyth.
964 2305 1041 2346 orac.
1065 2287 1093 2345 8.
1141 2284 1208 2360 Qua
1232 2295 1331 2344 autem
1351 2285 1402 2344 via
1422 2284 1475 2343 illa

355 2376 387 2432 in
419 2373 531 2434 scholia
562 2374 685 2454 delapsa
716 2376 787 2456 siut,
823 2395 903 2434 nunc
938 2374 1141 2434 demonstrare
1171 2395 1231 2435 nou
1261 2375 1344 2449 licet,
1375 2393 1475 2455 neque

355 2473 456 2522 tamen
479 2462 652 2523 crediderim
677 2465 773 2544 ipsum
790 2463 960 2524 Aristotelis
984 2484 1060 2544 opus
1083 2464 1195 2524 fontem
1217 2464 1319 2526 fuisse.
1365 2463 1472 2544 Neque

355 2572 403 2611 me
426 2549 593 2627 dedecebit,
618 2552 699 2634 quod
723 2555 886 2614 certissima
902 2552 1010 2613 adsunt
1033 2551 1144 2613 iudicia
1160 2574 1199 2614 ex
1215 2552 1359 2628 doctrina,
1384 2571 1470 2634 quam

355 2641 407 2700 illo
431 2642 496 2720 ipso
520 2642 584 2702 loco
608 2642 645 2702 de
668 2643 848 2723 metaphoris
872 2644 1048 2724 (Aristoteles
1078 2643 1183 2724 refert,
1215 2643 1403 2703 scholiastam
1434 2638 1471 2700 ad

357 2731 567 2810 explicandum
584 2732 749 2792 Homerum
772 2733 901 2792 fructum
925 2734 1047 2812 cepisse.
1095 2732 1205 2794 Confer
1228 2753 1295 2792 curn
1320 2734 1371 2812 eis,
1396 2749 1474 2811 quae

355 2820 499 2898 leguntur
521 2821 596 2885 rhet.
621 2821 675 2896 111,
703 2826 752 2901 11,
780 2826 862 2882 1411
888 2821 917 2896 b,
943 2825 995 2896 22,
1020 2842 1044 2885 e.
1068 2843 1098 2899 g.
1124 2827 1152 2882 B
1169 2826 1209 2884 86
1239 2817 1301 2882 ἀπὸ
1329 2817 1474 2897 ἐμψύχου

356 2913 397 2982 εἰς
423 2907 568 2985 ἔμψυχον
592 2909 644 2996 G,
691 2916 721 2970 K
736 2914 798 2972 372
823 2907 938 2985 ἔξεστιν
969 2914 1077 2992 εἰπεῖν,
1110 2905 1157 2972 ὅτι
1187 2914 1238 2973 καὶ
1268 2904 1307 2970 τὰ
1329 2911 1404 2988 βέλη
1432 2905 1476 2981 ὥς

356 2997 482 3076 ἐμψυχα
506 3005 550 3082 τῴ
574 3005 685 3077 ποιητῇ
707 3001 955 3076 συναγωνίζεται.
1003 3003 1063 3064 ΒΤ.
1110 3004 1137 3060 Α
1154 3005 1193 3062 53
1219 2995 1277 3062 οὐκ
1300 2998 1384 3061 εἶπεν
1407 2998 1474 3060 ἐπε-

356 3089 509 3170 πέμπετο,
553 3083 620 3151 ἀλλ’
658 3083 761 3168 ὥσπερ
800 3089 848 3151 ἐπὶ
887 3087 1020 3171 ἐμψύχῳ
1063 3088 1133 3151 εἴδει
1174 3088 1349 3169 ἐπορεύετο.
1411 3089 1474 3152 ΒΤ.

356 3180 379 3238 Δ
394 3181 454 3239 126
469 3175 487 3238 ὁ
500 3176 617 3256 τρόπος
631 3174 793 3258 μεταφορὰ
809 3174 870 3240 ἀπὸ
887 3175 1039 3255 ἐμψύχων
1055 3178 1103 3240 ἐπὶ
1120 3173 1270 3258 ἄψυχαῦ)
1299 3181 1351 3264 G,
1377 3178 1474 3254 Quam

356 3267 504 3328 lubricum
528 3270 606 3328 enim
622 3271 669 3338 sit,
694 3268 763 3329 inde
778 3283 998 3351 praeoccupata
1014 3281 1112 3329 mente
1133 3269 1171 3329 de
1186 3281 1308 3329 auctore
1331 3267 1473 3340 iudicare,

358 3356 445 3417 docet
467 3356 586 3417 Pseudo
609 3359 798 3440 Plutarchus,
823 3357 930 3420 derit.
956 3370 985 3418 et
1008 3379 1090 3439 poes.
1113 3359 1201 3420 Hom.
1219 3362 1270 3433 20,
1295 3359 1348 3439 qui
1370 3355 1474 3418 eadem

357 3448 557 3507 translationis
587 3467 700 3526 genera
729 3447 865 3527 exhibet,
899 3469 988 3528 quem
1011 3450 1042 3507 iu
1065 3450 1238 3508 universum
1262 3450 1370 3509 stoicos
1393 3467 1473 3507 secu·

357 3548 419 3596 tum
436 3555 500 3597 esse
520 3539 632 3597 nemini
655 3538 792 3616 ignotum
817 3547 870 3597 est.
917 3537 1054 3598 Ceterum
1078 3539 1109 3597 in
1132 3537 1252 3598 scholiis
1276 3538 1351 3598 nulli
1373 3537 1498 3596 versui·

357 3646 468 3706 eorum,
500 3647 574 3706 quos
598 3628 775 3687 Aristoteles
806 3627 843 3686 ad
870 3627 1049 3687 illustranda
1080 3627 1172 3687 verba
1201 3649 1256 3688 sua
1283 3628 1384 3706 elegit,
1416 3627 1474 3685 nisi

356 3717 458 3776 4126
487 3715 602 3797 aliquid
630 3715 813 3797 adscriptum
837 3728 890 3795 est,
920 3717 1001 3797 quod
1029 3716 1068 3776 ad
1095 3717 1321 3778 translationem
1347 3724 1472 3797 spectat.

447 3872 468 3941 1)
487 3871 643 3927 Volkmann
662 3873 681 3928 l.
699 3874 717 3928 1.
736 3891 763 3942 p.
784 3875 816 3928 21
836 3889 877 3941 sq.

446 3942 469 4084 ζ)
488 3943 592 4068 ΡὲιὲΙοΙΤ.
610 3945 651 4012 18,
671 3945 731 4000 618.

487 4031 504 4068 a
543 4058 549 4070 .
596 4058 602 4071 .

446 4085 468 4156 4)
488 4087 540 4141 Sed
559 4086 652 4152 miror,
673 4103 727 4154 qua
745 4086 843 4141 fiducia
862 4087 951 4143 fretus
970 4087 1043 4142 Rose
1062 4088 1159 4158 (Arist.
1178 4089 1355 4158 pseudepigr.
1374 4107 1401 4158 p.
1422 4089 1473 4144 145

356 4163 385 4235 et
403 4157 614 4240 incollectione
637 4158 855 4242 fragmentorum
875 4159 1060 4242 biltliothecae
1079 4160 1287 4216 Te'ubuerianae
1307 4162 1371 4227 130,
1395 4160 1472 4215 cuius

356 4230 492 4298 adscrrpsr
515 4234 655 4301 numeros)
679 4232 729 4284 rlla
747 4231 879 4286 trrbnerit
898 4247 924 4286 cr
943 4237 1007 4297 artr,
1032 4248 1102 4299 quae
1129 4229 1286 4284 θεοδέιτεια
1310 4232 1472 4300 τοιούτοιν,

357 4317 417 4354 cum
435 4317 486 4428 upa
489 4301 631 4356 minimum
650 4302 759 4370 quidem
779 4303 967 4358 testimoninm
992 4303 1077 4360 affere
1100 4304 1239 4374 potuerit,
1266 4304 1330 4358 inde
1354 4304 1403 4357 illa
1428 4304 1472 4358 de·

356 4388 453 4443 promp
504 4388 572 4428 csse.

446 4446 467 4517 ⁶)
486 4444 598 4517 ἀψύχων
617 4446 661 4506 Ga.
