3390 5140
680 402 896 459 ...69-

321 579 379 642 sed
402 589 532 659 utroque
555 579 620 638 loco
643 577 726 638 ideas
747 579 946 656 Hermogenis
970 581 1105 655 cognitas
1128 599 1194 640 esse
1216 582 1346 661 ponitur.

233 671 299 747 Quo
323 669 455 731 redimus
480 667 517 726 ed
541 667 581 742 id,
606 666 686 727 unde
702 667 829 744 digressi
845 688 956 742 sumus,
981 678 1074 748 etque
1093 671 1152 729 iam
1168 670 1348 734 affirmemus

232 761 299 820 aliis
328 761 472 840 exemplis
494 759 634 835 Longino
665 757 826 817 doctrinam
856 756 894 818 da
919 757 994 818 ideis
1016 779 1077 818 non
1100 759 1233 836 ignotam
1256 761 1348 822 fuisse

232 869 360 930 eumque
384 849 517 929 pendere
540 866 577 908 ex
594 848 799 924 Hermogene..
833 847 911 906 Nam
935 849 966 906 in
982 850 1053 908 artis
1070 848 1204 928 reliquiis
1220 852 1348 912 maxime

232 941 350 1018 exiguis
367 946 526 998 occurrunt
541 934 645 998 τελικά
660 934 811 1012 κεφάλαια
827 933 859 996 1²
874 938 936 1017 Sp„
964 939 1095 1014 182‚12;
1119 937 1257 1012 μέθοδος
1275 944 1346 1016 181,

234 1033 287 1102 19,
323 1032 454 1108 186‚1s;
492 1031 625 1107 192,14;
661 1021 784 1105 εὐτελής
817 1029 948 1101 remim
984 1027 1092 1102 σαφῶς
1121 1031 1171 1088 καλ
1201 1031 1349 1107 καθαρῶς

234 1121 344 1198 183,3;
370 1115 520 1195 σεμνότης
546 1118 653 1198 188,53
682 1115 862 1194 περικαλλές
888 1121 993 1189 188,9.
1040 1119 1087 1176 Ex
1110 1137 1233 1178 numero
1255 1120 1346 1199 scrip·
1391 1117 1392 1120 ’

232 1217 343 1291 torum,
378 1209 429 1287 qui
463 1209 580 1279 187,22
612 1205 787 1279 laudantur,
820 1205 925 1265 tribuit
952 1206 1158 1284 Hermogenes
1181 1208 1346 1283 Platonem,

232 1297 478 1377 Xenophontem,
503 1295 683 1355 Aeschinem
706 1293 793 1378 λόγῳ
816 1297 1018 1378 πανηγυρικῷ
1042 1290 1144 1378 ἁπλῷ,
1169 1296 1347 1358 Aeschinem

232 1399 376 1447 oratorem
401 1384 486 1469 λόγῳ
509 1385 659 1467 πολιτικῷ
683 1405 845 1464 eorumque
867 1397 1001 1446 recenset
1024 1388 1159 1450 virtutes.

320 1476 415 1536 Plane
431 1476 534 1535 eadem
551 1477 728 1554 invenimus,
750 1477 775 1534 si
791 1485 932 1554 excerpta
946 1475 998 1534 illa
1014 1475 1130 1536 adimus
1146 1496 1185 1536 ex
1200 1478 1347 1556 Longino,

231 1587 309 1646 quae
331 1587 370 1626 ex
393 1567 518 1644 egregia
542 1574 633 1644 atque
656 1565 782 1643 antiqua
798 1572 862 1623 arte
879 1576 1000 1645 sumpta
1015 1585 1082 1626 esse
1097 1569 1125 1626 ei
1141 1584 1261 1647 quoque
1278 1587 1347 1627 con·

230 1656 355 1731 ce'dunt,
380 1658 432 1736 qui
457 1676 494 1714 ea
516 1655 653 1731 Longino
678 1653 859 1716 abiudicant.
906 1655 1126 1732 Hermogenem
1151 1659 1243 1737 sapit,
1269 1657 1348 1738 quod

230 1757 333 1806 auctor
361 1745 506 1825 postulat,
538 1755 574 1802 ut
605 1745 683 1822 tropi
706 1743 820 1802 modice
844 1763 900 1802 nec
930 1745 1035 1804 inscite
1064 1744 1264 1807 adhibeantur
1286 1743 1346 1830 (1),

229 1835 311 1916 quod
335 1835 489 1894 Platonem
513 1842 543 1892 et
566 1832 797 1892 Demosthenem
828 1831 922 1892 habet
949 1853 1006 1913 vpro
1037 1835 1223 1914 principibus
1254 1839 1349 1909 omnis

231 1927 303 1984 artis
336 1925 482 1983 oratoriae
504 1917 517 1989 i
520 1923 561 2001 7),
593 1922 756 1982 Homerum
785 1934 814 1982 et
837 1923 992 1982 Platonem
1024 1925 1143 2002 generis
1174 1928 1349 2004 panegyrici

232 2013 289 2096 (9),
314 2011 393 2092 quod
409 2013 573 2091 reperimus
589 2008 692 2071 τελικά
712 2010 862 2086 κεφάλαια
879 2009 958 2094 (16),
976 2016 1125 2090 προοίμια
1141 2011 1174 2073 ἐκ
1191 2014 1256 2074 τῶν
1271 2011 1348 2075 ὑπο-

230 2099 359 2178 λήψεων
376 2102 455 2180 (21),
478 2103 667 2181 partitionem
683 2101 859 2161 elocutionis
876 2103 908 2160 in
923 2102 1064 2177 membra,
1082 2103 1246 2162 clausulam
1263 2100 1349 2188 stul)
1419 2171 1422 2176 ,

320 2190 539 2276 Porphyrium
562 2188 601 2251 ad
624 2190 746 2250 Homeri
769 2192 1046 2271 interpretationem
1076 2191 1159 2251 ideas
1189 2212 1348 2273 usurpasse

233 2282 291 2338 iam
315 2279 457 2354 vidimus,
478 2299 577 2360 'quem
601 2279 736 2339 floruisse
759 2280 854 2340 altero
877 2283 959 2342 tertii
981 2291 1048 2361 post
1072 2281 1222 2344 Christum
1246 2291 1349 2342 natum

231 2370 343 2429 saeculi
367 2369 487 2428 dimidio
510 2371 622 2428 nemini
645 2371 781 2447 ignotum
805 2380 857 2433 est.
1248 2435 1250 2440 ,

318 2459 457 2538 Denique
470 2458 621 2538 Schmid2)
637 2459 745 2519 multos
761 2459 953 2527 Philostrati
968 2461 1048 2520 locos
1063 2461 1192 2539 collegit,
1210 2462 1348 2535 auctoris,

230 2550 282 2629 qui
305 2549 404 2607 floruit
427 2550 486 2607 iam
509 2551 608 2628 priore
632 2549 712 2608 tertii
743 2550 854 2608 saeculi
883 2560 982 2632 parte,
1014 2548 1095 2608 unde
1125 2561 1252 2630 apparet
1281 2571 1349 2612 eum

229 2639 430 2715 Hermogenis
447 2647 621 2697 sectatorem
638 2638 744 2717 fuisse3
768 2639 894 2717 praebet
909 2641 987 2698 enim
1004 2659 1092 2698 voces
1116 2639 1190 2712 ἰδέα,
1216 2635 1348 2715 ἀφέλεια,

228 2724 392 2804 περιβολὴ,
417 2724 578 2806 σεμνότης,
604 2722 801 2805 λαμπρότης,
826 2721 907 2804 ὥρα,
932 2722 1079 2805 ἁβρότης,
1104 2726 1265 2806 σαφήνεια,
1290 2733 1349 2791 ‹lst-

230 2816 332 2894 νότης,
355 2813 540 2895 σφοδρότης,
564 2811 705 2892 μέγεθος,
731 2819 969 2882 coniunctionem
984 2818 1144 2877 verborum
1161 2815 1285 2896 ῥυθμὸς
1299 2823 1350 2880 καλ

229 2904 383 2983 συνθήκη,
413 2925 469 2964 nec
492 2927 550 2964 non
573 2906 784 2966 Demosthenis
807 2908 889 2966 locus
914 2905 951 2966 de
973 2927 1032 2966 cor.
1052 2911 1091 2969 97
1118 2918 1147 2968 et
1167 2908 1347 2968 Philostrato

229 2997 282 3058 vit.
300 2996 384 3076 soph.
402 2995 426 3069 l,
447 2997 485 3057 17
504 3007 534 3055 et
549 2996 732 3073 Hermogeni
757 3000 879 3070 289‚25
905 2997 1076 3077 exemplum
1099 3005 1144 3056 eet
1160 2995 1349 3078 σεμνότητος

230 3086 353 3144 effectae
377 3105 430 3165 per
454 3086 617 3145 sententias
640 3086 777 3149 morales.

319 3175 405 3250 Quod
430 3176 455 3234 si
484 3176 673 3255 respicimus,
706 3177 909 3251 cognoscimus
936 3176 996 3234 iarn
1023 3176 1114 3258 paulo
1143 3186 1210 3257 post
1237 3193 1348 3238 annum

231 3268 294 3324 200
319 3267 526 3324 auctoritatem
548 3265 747 3342 Hermogenis
770 3264 851 3345 apud
868 3265 998 3325 Graecos
1021 3267 1182 3346 plurimum
1205 3268 1346 3342 valuisse,

229 3355 273 3412 ita
295 3363 330 3413 ut
352 3366 433 3414 recte
448 3353 569 3414 Schmid
593 3354 701 3414 dixerit
717 3356 735 3419 l.
752 3355 785 3414 λε
814 3356 907 3428 „Vom
924 3355 1010 3415 Ende
1034 3355 1087 3415 des
1110 3357 1236 3416 aweiten
1259 3358 1347 3417 Jahr-

230 3441 375 3502 hunderts
406 3465 445 3504 an
472 3444 609 3504 herrscht
639 3453 728 3504 unter
758 3443 816 3504 den
840 3443 989 3505 Griechen
1021 3445 1068 3505 die
1091 3445 1274 3506 Ideenlehre'
1297 3444 1348 3506 des

229 3531 462 3610 Hermogenes.“
582 3529 589 3543 ⁸

319 3623 400 3698 Ergo
423 3623 542 3690 scholio
569 3626 607 3690 im
630 3623 805 3690 Homerum
829 3625 895 3692 ium
923 3626 1010 3691 circu
1040 3643 1167 3691 omnum
1197 3625 1270 3690 200
1292 3627 1348 3692 mm

229 3718 298 3796 poet
321 3731 447 3778 nmmum
470 3715 540 3776 250
561 3721 630 3797 post
647 3710 812 3780 Christum
834 3721 949 3781 mutum
972 3735 1077 3781 timum
1100 3715 1138 3781 im
1161 3737 1277 3798 corpus
1292 3733 1347 3783 ‘re-

229 3803 322 3868 ductu
345 3803 537 3868 exstiteram
559 3803 759 3871 simillimum
782 3804 911 3870 scholiis
934 3806 1108 3889 exepeticis,
1141 3825 1219 3884 quae
1239 3825 1293 3864 nos
1316 3807 1347 3864 in

229 3892 368 3951 manibus
391 3900 535 3952 tenemus.
1311 3927 1313 3932 ·

321 4067 341 4134 ¹)
361 4063 487 4120 Concidit
498 4065 587 4135 igitur
601 4067 738 4122 Graeveni
752 4067 851 4136 opinio,
870 4068 1068 4138 prolegomena
1086 4068 1114 4122 in
1129 4065 1244 4122 Cornuti
1257 4071 1347 4122 artem

230 4137 403 4204 rhetoricam,
425 4137 504 4195 1890,
523 4154 549 4205 p.
564 4141 610 4191 ’262
631 4139 706 4207 ,Hoc
726 4139 834 4206 quidem
854 4140 1014 4194 adsevereri
1032 4145 1126 4208 potest
1144 4155 1232 4207 neque
1251 4139 1279 4192 in
1292 4137 1347 4205 Ap·

231 4209 298 4263 sinis
316 4224 405 4277 neque
418 4209 448 4263 in
459 4208 580 4278 Longini
593 4219 653 4264 arte
666 4211 723 4264 ulla
736 4210 857 4280 vestigia
869 4211 1052 4280 Hermogenis
1067 4211 1208 4267 doctrinae
1222 4209 1346 4279 detegi“;

231 4295 293 4334 nem
311 4281 429 4350 Apsines
449 4297 471 4336 e.
492 4299 518 4350 g.
539 4287 735 4336 commemorat
753 4279 844 4332 τελικά
864 4279 1001 4352 κεφάλαια.

320 4352 343 4422 ²)
361 4353 431 4407 Mus.
451 4354 528 4408 rhen.
548 4354 590 4418 tt,
611 4355 670 4406 160.
