3390 5140
716 444 954 505 -103-

279 644 311 686 aa
334 624 434 686 ierunt
465 623 601 686 colorem.
647 621 703 686 oui
734 623 900 685 0001001100
928 623 1071 688 fulcimen
1104 621 1219 684 addidit
1241 620 1394 706 Schmid1)

278 735 317 774 ex
340 712 444 776 eodem
467 711 559 774 Gellii
582 713 681 794 capite
703 720 863 792 sumptum.
912 711 930 793 ξ
953 717 970 774 9
996 715 1075 774 enim
1097 713 1225 792 legimns
1247 713 1394 777 Rutilium

277 804 389 864 Rufum
413 812 442 863 et
465 802 632 882 Polybium,
666 803 718 882 qui
746 802 839 862 stoica
861 801 967 864 imbuti
991 811 1076 862 erant
1099 802 1301 883 philosophia,
1333 813 1396 867 tres

277 893 342 954 illos
369 891 563 973 philosophos
588 892 725 965 Graecos,
758 892 809 972 qui
841 910 919 952 anno
947 893 1007 954 155
1039 894 1134 970 legati
1157 893 1281 954 Romam
1304 913 1393 957 vene·

279 991 356 1055 rant,
380 982 475 1042 tribus
492 981 714 1042 characteribus
730 979 896 1041 addixisse:
923 981 1074 1060 „violenta
1097 991 1127 1042 et
1147 980 1252 1060 rapida
1267 981 1396 1044 Carnea-

279 1071 331 1132 des
362 1070 491 1146 dicebat,
523 1071 598 1130 scita
628 1080 659 1130 et
689 1071 795 1130 teretia
826 1069 983 1146 Critolaus,
1015 1068 1151 1132 modesta
1180 1071 1333 1148 Diogenes
1365 1080 1396 1132 01

277 1158 437 1243 sobria.²)“
462 1158 595 1234 Accedit,
613 1159 695 1239 quod
710 1159 890 1220 Plutarchus
907 1169 1083 1240 personatus
1100 1159 1137 1222 de
1153 1161 1205 1222 vit.
1223 1161 1311 1220 Hom.
1332 1163 1394 1222 172

278 1249 381 1311 eodem
405 1248 491 1311 modo
515 1270 554 1310 ex
576 1251 675 1310 stoicis
697 1247 819 1328 pendet,
852 1250 904 1329 qui
935 1249 1077 1310 heroibus
1109 1249 1212 1310 eodem
1235 1248 1322 1310 modo
1346 1249 1395 1310 de·

278 1341 364 1418 pictis
387 1341 500 1418 pergit:
524 1341 573 1400 καὶ
598 1336 712 1410 ταύτας
734 1333 790 1410 τὰς
805 1337 887 1410 ἰδέας
902 1338 969 1400 τῶν
983 1336 1089 1414 λόγων
1098 1328 1236 1417 Ὅμηρος
1251 1343 1395 1418 παρίστη-

279 1444 327 1490 σιν
350 1423 444 1502 αὐτὸς
471 1426 505 1490 ἐν
528 1433 565 1504 τῇ
586 1423 704 1505 ποιήσει
727 1428 828 1502 δείξας
851 1421 962 1504 ἁπάσῃ.
1008 1428 1074 1488 Nec
1104 1449 1164 1488 non
1195 1429 1330 1492 homines
1351 1431 1395 1488 in·

278 1518 365 1578 fimas
381 1519 487 1580 aetatis
504 1516 628 1577 eandem
644 1518 852 1596 repetiverunt
867 1519 1060 1592 00010011οιος
1085 1517 1120 1576 cf.
1138 1517 1299 1597 Syrianum
1314 1517 1397 1598 apud

278 1607 472 1686 Spengelium
495 1603 661 1683 συναγωγή
684 1605 807 1682 τεχνῶν
834 1611 894 1668 119
919 1605 999 1677 adn,
1024 1607 1226 1687 Dexopatrem
1248 1607 1289 1682 Π,
1318 1612 1394 1687 182;

278 1698 332 1780 VI,
358 1701 414 1772 253
443 1697 513 1767 VII,
547 1700 565 1756 9
591 1695 649 1770 W,
681 1695 835 1774 Sopatrem
858 1695 897 1770 V,
924 1699 942 1756 6
968 1695 1027 1770 W,
1058 1697 1181 1758 Maxim.
1206 1695 1333 1760 Planud.
1356 1697 1395 1780 V,

278 1790 341 1848 217
367 1787 428 1857 W„
454 1786 546 1846 schol.
569 1787 601 1845 in
623 1784 779 1865 Aphthon.
803 1785 844 1860 ΙΙ,
870 1789 888 1845 3
913 1785 963 1852 W.

366 1874 426 1936 Sed
449 1876 508 1935 iam
532 1884 717 1936 transeamus
740 1872 778 1934 ad
795 1894 840 1947 ea,
866 1894 945 1954 quae
960 1875 1044 1934 stoici
1060 1875 1119 1954 ipsi
1135 1876 1394 1954 excogitaverunt.

279 1965 414 2040 Quorum
444 1963 633 2044 philosophia
662 1963 809 2026 imbutum
840 1963 935 2024 fuisse
966 1964 1198 2050 Hermagorae
1225 1963 1397 2034 Temenitem

278 2055 464 2114 notissimum
488 2049 582 2134 est,⁸)
616 2073 677 2134 qua
714 2053 834 2114 adiutus
869 2073 984 2114 summa
1014 2063 1079 2114 arte
1109 2063 1201 2134 atque
1232 2055 1397 2116 subtilitate

278 2163 386 2204 novam
410 2145 593 2222 excogitavit
615 2145 759 2205 rationem
783 2143 982 2223 eloquentiam
1006 2142 1143 2216 docendi,
1175 2163 1254 2224 quae
1276 2145 1308 2204 in
1331 2146 1395 2204 uni·

279 2253 396 2294 versum
420 2254 438 2293 a
461 2233 675 2313 posterioribus
705 2233 768 2294 fere
796 2231 935 2294 omuibus
956 2243 1079 2312 recepta
1101 2229 1183 2314 0014)
1229 2233 1305 2294 Item
1329 2254 1395 2294 con·

278 2331 338 2384 stat
360 2341 427 2384 eum
455 2323 585 2382 maxime
608 2322 810 2384 elaboraviase
832 2323 864 2380 in
886 2323 972 2382 novis
996 2324 1175 2382 inventionis
1205 2322 1333 2400 legibus,
1365 2325 1397 2384 in

280 2432 370 2492 quam
393 2410 514 2472 induxit
535 2411 710 2484 doctrinam,
735 2431 814 2491 quas
839 2421 885 2470 est
908 2410 946 2472 de
968 2413 1179 2472 constitutione
1203 2432 1320 2474 caueae.

367 2501 462 2578 Quem
486 2501 637 2562 adfinem
667 2503 795 2582 primum
827 2520 943 2562 omnem
975 2499 1094 2562 dicendi
1116 2501 1398 2586 materiampdivisit

278 2593 310 2652 in
331 2591 430 2664 θέσεις
453 2601 484 2650 01
506 2586 680 2664 ὑποθέσεις.
727 2590 862 2665 Quarum
885 2589 998 2650 alterae
1013 2591 1133 2652 remotis
1156 2593 1300 2671 personis,
1325 2602 1397 2654 tem·

278 2681 412 2760 poribus,
436 2681 509 2741 locis
533 2681 700 2760 ceterisque
723 2678 871 2739 similibus
891 2680 923 2738 in
946 2689 1244 2761 utramquepartem
1267 2690 1396 2742 tractau-

279 2780 338 2842 tur,
370 2771 482 2831 alterae
512 2778 582 2830 sunt
612 2789 651 2830 ex
674 2768 832 2849 complexu
854 2788 963 2849 rerum,
996 2789 1198 2849 personarum,
1230 2781 1396 2850 temporum

279 2855 545 2939 ceterorumquel)
590 2858 676 2919 Illam
700 2870 798 2919 autem
822 2859 1085 2938 congregationem
1102 2880 1212 2930 rerum,
1237 2880 1297 2940 qua
1321 2856 1396 2922 orco-

279 2953 364 3021 1οσις
385 2948 419 3008 fit
435 2948 528 3022 θέσις,
546 2949 749 3026 Hermagoras
763 2950 897 3009 nominat
918 2952 1143 3026 περίστασιν.
1179 2949 1277 3026 Quam
1293 2970 1396 3011 vocem

277 3039 403 3118 petitam
427 3058 493 3098 esse
515 3058 554 3098 ex
576 3038 670 3098 stoica
693 3038 893 3118 philosophia,
921 3037 975 3098 ubi
997 3035 1194 3116 περιστατικά
1217 3038 1396 3116 intellegun-

277 3139 326 3188 tur
349 3148 385 3188 ea
409 3128 515 3208 officia,
541 3148 621 3208 quaa
643 3125 821 3209 quibusdam
846 3127 965 3189 demum
988 3129 1173 3207 temporibus
1195 3129 1246 3190 vol
1269 3127 1396 3190 condici-

278 3218 384 3278 onibus
408 3216 506 3278 ofticia
528 3218 614 3301 flunt,
647 3216 787 3278 viderunt
810 3213 956 3292 Striller⁶)
981 3214 1180 3296 0111010107)
1225 3219 1318 3280 Tales
1340 3219 1396 3294 cir·

369 3392 379 3422 ¹
408 3391 426 3447 l.
446 3393 463 3448 1.
505 3394 590 3450 ‚lau

368 3459 379 3492 ⁹
409 3463 443 3517 01.
463 3410 625 3530 Vlilmanns,
645 3464 679 3518 ds
697 3463 831 3518 Varronis
851 3462 929 3518 libris
948 3463 1146 3533 grammaticis,
1166 3465 1209 3530 77,
1230 3463 1291 3518 adn.
1312 3465 1334 3518 l.

369 3533 388 3602 ³J
408 3533 635 3590 Probabilitatem
647 3551 702 3589 000
713 3535 823 3590 videtur
834 3535 966 3590 excedere
976 3535 1055 3591 illum
1066 3549 1174 3602 quoque
1183 3535 1277 3603 aliqua
1287 3535 1395 3590 ratione

278 3603 452 3660 coniunctum
471 3606 557 3661 fnisse
577 3622 638 3662 cnm
650 3607 885 3676 Pergamenorum
901 3607 1001 3662 studiis
1013 3607 1163 3662 secundum
1174 3607 1315 3662 Β1001100
1334 3622 1395 3662 000-

278 3675 393 3732 1001100
412 3678 430 3732 l.
449 3678 467 3732 1.
488 3681 530 3741 aa,
549 3678 611 3734 adn.
631 3683 655 3733 3.

367 3747 390 3816 ⁴)
408 3748 443 3805 cf.
457 3749 560 3816 Thiale,
572 3750 770 3822 Hermagoras,
785 3752 861 3815 1893,
875 3768 901 3820 p.
914 3751 978 3806 171:
999 3751 1146 3806 S'amtliohe
1160 3755 1270 3820 sp'atere
1285 3750 1395 3805 Stoiker

277 3819 387 3890 htngrn
405 3819 498 3881 daher.
519 3837 548 3876 so
567 3822 635 3877 weit
654 3825 694 3878 sie
713 3828 800 3878 etwas
818 3822 847 3877 in
865 3821 914 3878 dar
926 3822 1062 3876 Rhetorik
1081 3822 1189 3887 1010100,
1208 3838 1262 3876 von
1280 3821 1394 3877 Herma-

277 3907 361 3962 goras
379 3891 423 3955 ab,
442 3907 522 3960 quem
540 3899 634 3949 tamen
654 3894 732 3948 doleo
745 3893 869 3962 proximo
883 3893 1027 3949 enuntiato
1041 3893 1157 3950 dixisse:
1177 3895 1241 3948 Man
1259 3893 1298 3949 ist
1310 3893 1395 3948 daher

277 3963 474 4033 ebenaowenrg
503 3963 674 4035 berechtigt,
708 3981 761 4021 von
789 3967 867 4022 einer
898 3964 1013 4030 eirenen
1037 3965 1175 4020 stoischen
1200 3965 1337 4020 Rhetorik
1360 3981 1393 4019 aa

276 4035 369 4103 reden,
389 4035 430 4090 als
449 4051 502 4090 von
522 4035 598 4092 einer
610 4035 820 4107 Attangigkeit
839 4037 887 4092 des
900 4037 1086 4096 Hermagoras
1103 4053 1158 4092 von
1176 4037 1253 4093 siner
1270 4037 1393 4102 001010ος

276 4122 354 4232 usp,
379 4106 445 4174 quin
463 4105 650 4177 Hermagoras
674 4125 689 4164 e
708 4108 805 4166 stoicis
828 4109 959 4177 pendeat,
984 4107 1096 4164 dubium
1122 4124 1184 4165 0000
1208 4107 1316 4164 omuino
1337 4123 1392 4168 000

277 4194 311 4246 po
327 4185 378 4234 ost.

367 4251 388 4312 ⁶)
408 4249 443 4307 01.
463 4247 558 4316 Quint.
577 4251 602 4320 a,
621 4251 647 4320 b,
665 4252 690 4307 b.

367 4321 425 4466 1·
443 4322 462 4448 i·
481 4323 524 4448 a
