3390 5140
720 895 909 1025 Vita.

344 1166 443 1226 Natus
467 1184 531 1224 sum
555 1163 783 1224 Hermannus
812 1163 994 1242 Georgius
1016 1164 1178 1225 Lehnert
1211 1164 1389 1244 Friborgce·

257 1276 339 1316 anno
364 1254 454 1315 huius
478 1252 592 1313 saeculi
614 1253 722 1313 LXXI
743 1252 838 1329 pridie
860 1252 927 1313 idus
949 1254 1074 1314 Martias
1096 1262 1182 1333 patre
1196 1255 1378 1330 Hermanno,

255 1346 309 1426 qui
333 1342 398 1404 ludi
421 1344 557 1420 magistri
580 1361 704 1401 munere
719 1342 865 1420 fungitur,
890 1351 984 1402 matre
1001 1341 1121 1402 Amalia
1136 1362 1153 1403 e
1168 1353 1260 1421 gente
1274 1343 1379 1404 Strau-

254 1434 358 1505 biana‚
391 1452 466 1512 quos
499 1430 598 1490 adhnc
620 1432 794 1510 superstites
822 1451 888 1490 esse
920 1451 1108 1511 summopere
1136 1432 1241 1495 laetor.
1293 1431 1380 1492 Fidei

254 1521 392 1583 addictus
416 1541 482 1581 snm
506 1519 707 1597 evangelicae.

342 1611 465 1670 Litteris
488 1608 689 1668 elementariis
712 1629 767 1688 per
791 1618 935 1689 quattuor
950 1629 1044 1670 annos
1060 1611 1194 1670 imbutus
1210 1629 1288 1670 anno
1308 1609 1339 1671 h.
1356 1629 1379 1673 s.

255 1699 396 1760 LXXXI
419 1700 497 1757 inter
525 1696 688 1777 discipulos
718 1698 803 1757 urbis
834 1701 958 1777 patriae⁸
981 1700 1132 1778 gymnasii
1154 1709 1292 1778 receptus
1314 1718 1380 1758 sum

252 1799 369 1848 rectore
392 1784 539 1846 Riccardo
563 1787 692 1850 Franke.
741 1785 828 1862 Quod
859 1796 1017 1867 postquam
1042 1788 1176 1867 quinquo
1207 1808 1262 1867 per
1284 1806 1380 1848 annos

254 1876 458 1956 frequentavi,
491 1885 552 1934 tam
575 1878 663 1954 gravi
686 1875 790 1936 morbo
813 1876 942 1935 afflictus
972 1896 1047 1948 snm,
1079 1888 1114 1936 ut
1135 1896 1232 1955 paene
1255 1896 1382 1953 cogerer

254 1966 365 2025 litteris
400 1964 580 2028 valedicere.
635 1965 714 2024 Vere
750 1967 820 2024 anni
855 1964 928 2026 XCI
961 1966 1142 2025 maturitatis
1177 1967 1380 2024 testimoninm

259 2052 389 2134 adeptus
412 2055 545 2132 Lipsium
569 2073 616 2112 me
640 2054 762 2128 contuli,
794 2065 830 2113 ut
851 2055 895 2114 ibi
917 2053 1106 2134 philologieis
1128 2052 1235 2114 studiis
1258 2073 1381 2133 operum

259 2163 412 2215 navarem.
451 2144 628 2201 Docuerunt
650 2162 696 2200 me
717 2145 774 2200 viri
797 2142 1002 2202 illustrissimi:
1026 2144 1212 2220 Brugmann,
1236 2143 1379 2215 Buresch,

259 2231 425 2304 Cichorius,
442 2231 567 2303 Heinze,
585 2231 747 2310 Hofmann,
764 2233 914 2305 Immisch,
935 2232 1065 2313 Lipsius,
1082 2231 1230 2306 Ribbeck,
1247 2230 1379 2308 Richter,

261 2318 437 2390 Schneider,
462 2319 629 2392 Schreiber,
655 2321 782 2392 Sievers‚
799 2321 1008 2396 Wachsmuth,
1024 2319 1106 2383 Frid.
1122 2331 1153 2379 et
1167 2319 1222 2383 Ed.
1233 2320 1381 2384 Zarncke.

350 2409 561 2469 Proseminarii
584 2409 728 2485 philologi
756 2429 821 2469 cum
854 2412 911 2467 tria
933 2431 988 2490 per
1018 2412 1173 2470 semestria
1200 2410 1309 2470 sodalis
1330 2429 1381 2470 ex·

258 2499 322 2558 stiti
354 2497 578 2558 moderantibus
608 2497 789 2571 Immischio,
821 2499 992 2572 Bureschio,
1025 2499 1080 2558 Ed.
1113 2499 1261 2558 Zarnckio
1288 2509 1380 2579 atque

258 2608 313 2668 per
338 2588 384 2647 bis
408 2608 462 2646 sex
485 2606 602 2645 menses
625 2588 759 2664 senioris,
783 2596 817 2645 ut
841 2588 935 2657 aiunt,
959 2607 1083 2646 munere
1106 2589 1227 2648 functus
1249 2609 1324 2662 sum,
1348 2589 1380 2648 in

259 2679 417 2752 egregiam
431 2676 580 2734 seminarii
592 2676 772 2754 palaestram
785 2687 922 2756 receptus
934 2695 1008 2753 sum,
1025 2677 1056 2735 in
1069 2696 1130 2756 qua
1142 2686 1187 2736 ter
1196 2695 1249 2736 sex
1264 2697 1381 2737 menses

259 2775 396 2823 versatus
420 2784 483 2822 sum
508 2764 674 2824 rectoribus
696 2765 810 2844 Iipsio,
840 2764 1018 2845 Ribbeclrio,
1043 2764 1281 2826 Wachsmuthio,
1328 2765 1380 2826 Se·

258 2853 386 2911 minario
409 2853 551 2912 historico
567 2853 788 2913 Wachsmuthii
811 2865 840 2913 et
856 2853 984 2915 Cichorii
1007 2855 1149 2934 auspiciis
1162 2874 1244 2914 nunc
1257 2856 1379 2914 tertium

261 2957 404 3000 semestre
420 2940 587 3022 adscriptus
610 2962 684 3002 aum.
725 2942 998 3004 Exercitationibus
1025 2943 1212 3024 philologicis
1233 2953 1269 3003 ut
1289 2944 1379 3003 inter·

258 3050 365 3104 essem,
391 3031 523 3108 benigne
547 3033 694 3092 concessit
708 3032 903 3106 Ribbeckius,
928 3034 1013 3092 cuius
1027 3033 1162 3092 societati
1184 3051 1265 3092 nunc
1282 3031 1377 3092 adnu-

252 3139 350 3180 meror
373 3140 427 3200 per
456 3130 599 3200 quattuor
631 3141 736 3181 annos.
783 3122 844 3181 Ter
873 3141 926 3181 sex
955 3141 1073 3182 menses
1097 3121 1196 3181 socius
1218 3121 1263 3182 fui
1286 3122 1378 3182 socie-

252 3210 324 3268 tatis
362 3208 521 3269 historicae
557 3209 703 3281 Oichorii,
743 3230 798 3290 per
831 3209 910 3269 idem
945 3221 1062 3290 tempus
1100 3209 1139 3270 ad
1173 3212 1378 3287 germanicum

255 3299 503 3377 proseminarium
519 3298 634 3358 aditum
653 3298 727 3358 mihi
742 3299 884 3378 patefecit
899 3301 1027 3362 Sievers.
1066 3299 1205 3380 Denique
1221 3301 1254 3359 in
1268 3298 1377 3380 paeda·

252 3389 395 3464 gogicum
420 3389 612 3448 seminarium
635 3407 683 3448 me
705 3390 819 3468 recepit
839 3388 963 3448 Richter
986 3389 1121 3469 proximo
1145 3391 1289 3451 semestri.

342 3475 459 3551 Quibus
488 3477 561 3537 viris
592 3476 730 3537 omnibus
763 3498 854 3558 quam
882 3479 1042 3537 maximam
1070 3477 1168 3537 habeo
1191 3479 1321 3556 gratiam
1344 3485 1375 3536 at
1477 3481 1480 3488 '

252 3584 369 3645 semper
400 3564 528 3628 habebo.
595 3565 762 3646 Praecipue
792 3586 945 3646 nunquam
981 3566 1115 3626 desinam
1145 3567 1195 3646 pio
1226 3577 1374 3647 gratoque

252 3659 351 3713 animo
381 3656 522 3734 prosequi
559 3675 625 3716 cnm
656 3655 897 3716 Ribbeckium
928 3666 992 3715 tum
1022 3655 1283 3729 Immischium,
1320 3657 1374 3735 qui

252 3740 417 3802 studiorum
440 3763 573 3803 meorum
596 3764 713 3824 semper
736 3753 822 3804 erant
844 3745 976 3804 fautores
1000 3746 1125 3821 egregii.

341 3832 481 3912 Denique
504 3832 615 3893 lubens
637 3853 755 3913 semper
770 3831 959 3906 recordabor,
984 3845 1131 3913 quantum
1154 3832 1284 3892 fructum
1307 3852 1374 3913 per·

251 3922 381 4001 ceperim
403 3923 436 3980 in
462 3919 605 3982 sodalicio
632 3923 814 4003 philologicc
845 3921 1015 3984 academico
1042 3943 1081 3983 ex
1112 3923 1278 3982 coniunctis
1300 3923 1372 3981 ami·

251 4029 354 4070 corum
376 4009 491 4074 studiis.
