3390 5140
803 396 1019 457 ..70-

445 574 529 637 ldem
560 573 598 636 ad
630 584 747 655 tempus
776 573 924 649 ducimur,
956 575 981 634 si
1010 574 1185 654 respicimus
1216 574 1366 654 epitomen
1389 573 1470 633 illam

359 673 504 746 quattuor
523 666 663 738 virorum,
688 684 767 744 quae
782 675 828 724 est
847 662 1073 726 fundamentum
1093 664 1276 724 collectionis
1295 664 1470 725 scholiorum

359 754 467 816 Veneti
490 755 527 827 A,
552 752 656 816 eadem
680 755 744 816 iere
767 762 867 816 aetate
889 754 1054 816 contectam
1078 773 1158 829 esse3
1184 774 1252 813 nam
1275 764 1355 814 reete
1378 762 1470 813 statu·

357 854 445 904 erunt
466 845 524 904 viri
548 841 626 904 docti
653 864 712 905 non
735 843 786 904 diu
809 853 878 924 post
901 842 1102 906 Herodianum
1126 851 1249 904 etanta
1272 843 1470 923 Porphyrium

356 933 412 995 hoc
436 953 511 1012 opus
534 953 600 994 esse
624 931 834 1014 susceptum.1)

445 1023 554 1102 Neque
576 1043 678 1084 errare
700 1024 772 1082 mibi
797 1021 908 1102 videor,
933 1041 1000 1083 oum
1022 1031 1096 1102 puto
1119 1021 1190 1082 inde
1213 1022 1324 1082 factum
1340 1041 1415 1097 esse,
1439 1033 1472 1083 ut

358 1113 404 1172 his
419 1113 603 1192 potissimum
620 1112 803 1192 temporibus
818 1112 1038 1190 colligerentur,
1056 1131 1135 1191 quae
1147 1111 1185 1170 ad
1197 1113 1472 1193 interpretationem

358 1201 483 1261 Homeri
506 1202 678 1279 excogitata
700 1211 799 1282 erant,
832 1201 913 1281 quod
938 1221 976 1260 ex
998 1200 1145 1261 Hadriani
1168 1202 1351 1278 temporibus
1374 1201 1472 1262 studia

358 1292 554 1368 grammatica
576 1300 608 1352 et
629 1290 779 1352 rhetorica
801 1290 899 1352 denuo
923 1291 1157 1351 efflorescebant.
1198 1289 1265 1366 Quo
1288 1292 1471 1366 factumest,

357 1389 392 1439 ut
420 1381 487 1460 quis
519 1381 674 1441 eonsilium
706 1389 839 1461 caperet,
872 1379 1137 1460 comprehendere,
1169 1399 1249 1459 quae
1276 1380 1472 1441 Alexandrini

358 1470 555 1530 contulissent
582 1469 620 1529 ad
648 1469 878 1549 explicationem
901 1471 1024 1530 Homeri
1056 1481 1086 1530 et
1115 1470 1307 1530 concinnaret
1330 1478 1472 1550 quattuor

359 1559 426 1618 illos
454 1559 544 1619 libros
573 1559 747 1639 Aristonici,
778 1558 912 1638 Didymi,
944 1559 1116 1632 Nicanoris,
1144 1558 1318 1622 Herodiani.
1365 1559 1472 1639 Neque

358 1649 479 1722 mirum,
511 1647 592 1728 quod
614 1647 693 1708 idem
716 1649 866 1730 fecerunt,
898 1650 951 1729 qui
973 1648 1227 1726 Pergamenorum
1257 1647 1363 1709 studiis
1391 1649 1473 1710 fave·

359 1733 473 1817 hant,²)
496 1749 527 1798 et
549 1737 746 1815 collegerunt,
770 1757 849 1817 quae
870 1737 977 1798 idonea
1000 1748 1087 1798 erant
1102 1737 1139 1796 ad
1156 1738 1362 1798 illustrandam
1378 1747 1472 1799 artem

358 1836 474 1907 poetae,
500 1847 560 1907 qua
584 1829 706 1906 egregie
729 1847 850 1907 operam
872 1828 1035 1889 navabant.

882 1990 953 2067 ea.

449 2094 524 2157 Cum
546 2096 640 2173 igitur
662 2094 837 2156 Hostathius
862 2116 900 2155 ex
916 2095 1034 2156 scholiis
1058 2116 1102 2170 ea,
1136 2116 1214 2175 quae
1238 2094 1275 2156 de
1297 2094 1372 2154 ideis
1392 2094 1474 2175 apud

358 2186 521 2246 Homerum
545 2185 695 2264 exposuit,
728 2184 901 2264 depromere
925 2205 985 2245 nou
1008 2194 1115 2266 posset,
1148 2205 1270 2265 operam
1289 2187 1409 2258 navavi,
1440 2193 1475 2244 ut

359 2275 454 2336 aliurn
476 2274 653 2352 indagarem
668 2274 789 2348 fontem,
813 2273 893 2335 unde
916 2275 967 2334 ille
988 2295 1043 2334 sua
1066 2276 1240 2354 accepisset.
1280 2275 1381 2354 Atque
1402 2275 1475 2335 mibi

359 2365 529 2445 perlegenti
558 2365 782 2424 commentarios
813 2363 851 2422 ad
878 2365 1108 2442 Hermogenem,
1139 2366 1192 2444 qui
1222 2366 1254 2424 in
1282 2365 1378 2424 lucem
1409 2385 1474 2444 pro·

359 2455 449 2530 tracti
472 2462 552 2526 sunt,
576 2454 608 2512 in
631 2461 761 2513 mentem
776 2455 867 2529 venit,
892 2454 993 2528 fuisse,
1018 2455 1069 2534 qui
1086 2452 1190 2514 eodem
1211 2473 1312 2514 amore
1335 2462 1366 2514 et
1381 2462 1473 2514 artem

359 2540 536 2602 rhetoricam
567 2541 737 2603 excolerent
760 2553 791 2603 et
814 2542 943 2604 studium
971 2544 1094 2603 Homeri
1118 2543 1379 2627 amplecterentur,
1411 2543 1470 2606 scil.

359 2631 612 2716 Neoplatom'cos.
657 2631 735 2692 Nam
757 2642 792 2692 ut
813 2633 930 2693 silentio
953 2642 1120 2712 preteream
1143 2635 1202 2692 iam
1222 2635 1360 2710 Longino
1383 2632 1473 2712 philo

361 2719 456 2800 sopho
479 2729 509 2779 et
531 2721 697 2801 philologo,
721 2722 879 2801 Porphyrii
903 2724 1089 2802 praeceptori
1120 2722 1201 2784 ideas
1232 2724 1352 2782 minime
1375 2724 1475 2801 incog-

362 2811 440 2871 nitas
455 2810 558 2893 fuisse,
581 2811 775 2892 Porphyrius,
800 2832 859 2891 quo
876 2822 995 2890 praeter
1010 2812 1159 2873 Plotinum
1179 2814 1278 2892 ipsum
1293 2831 1380 2872 nemo
1396 2812 1477 2872 illius

364 2909 462 2960 sectae
486 2901 664 2960 auctoritate
680 2909 771 2980 atque
788 2901 961 2961 celebritate
977 2903 1074 2979 magis
1090 2903 1195 2980 valuit,
1221 2910 1342 2962 strenue
1357 2921 1478 2982 operam

361 2990 486 3050 navavit
509 2988 700 3069 eloquentiae
722 3009 849 3069 eamque
871 2991 1011 3050 tractavit
1041 2989 1080 3050 ad
1107 3011 1239 3052 normam
1268 2992 1477 3068 Hermogenis.

361 3071 470 3158 Neque
499 3079 659 3138 infeliciter
689 3078 853 3139 secuudum
883 3081 1055 3160 aequalium
1086 3080 1227 3141 iudicium
1257 3100 1321 3140 rem
1351 3082 1478 3156 gessisse
1504 3103 1510 3114 ·

364 3166 494 3247 videtur,
519 3187 584 3228 cum
609 3169 786 3247 posteriores
810 3168 891 3228 haud
914 3190 981 3230 raro
1005 3171 1069 3230 eius
1091 3172 1221 3248 vestigia
1244 3177 1419 3246 premerent,
1443 3178 1478 3227 ut

362 3256 464 3316 multis
486 3257 546 3316 illis
569 3259 643 3318 locis
659 3257 886 3336 demonstratur,
912 3259 1022 3340 quibus
1041 3260 1078 3319 ab
1095 3260 1154 3320 illis
1169 3254 1347 3334 laudatur.³)
1385 3257 1477 3319 Cuius

363 3347 590 3407 commentarios
613 3355 741 3408 aetatem
764 3368 824 3408 non
847 3349 951 3410 tulisse
974 3347 1133 3410 dolendum
1157 3358 1213 3421 est,
1238 3367 1305 3408 curn
1321 3347 1479 3427 Porphyrii

363 3435 587 3514 explicationes,
612 3456 672 3517 quo
695 3449 760 3497 erat
781 3436 890 3498 iudicio
914 3447 944 3498 et
966 3437 1121 3513 industria,
1145 3448 1225 3500 certe
1248 3436 1340 3498 multo
1361 3438 1479 3498 maioris

362 3524 475 3584 tuerint
498 3527 598 3604 pretii,
630 3545 720 3606 quam
743 3527 892 3606 permulta
914 3526 966 3586 illa
989 3527 1222 3606 Byzantinorum
1245 3527 1480 3606 magistellorum

362 3615 482 3693 scripta,
515 3635 593 3694 quae
623 3614 660 3675 ad
691 3635 746 3676 nos
776 3625 986 3696 pervenerunt.
1039 3617 1148 3678 Utrum
1180 3627 1282 3676 autem
1312 3617 1388 3678 liber
1417 3617 1479 3689 ille,

364 3722 453 3783 quem
481 3705 660 3783 posteriores
684 3705 855 3766 exscribere
879 3704 1024 3779 solebant,
1056 3705 1149 3766 fuerit
1176 3709 1406 3767 commentarius
1430 3706 1479 3764 ille

363 3793 395 3852 in
416 3801 508 3853 artem
524 3794 696 3868 Minuciani,
722 3815 810 3874 quem
833 3794 940 3855 Suidas
963 3790 1107 3875 laudat,⁴)
1132 3815 1172 3854 an
1195 3796 1380 3877 Porphyrius
1403 3795 1479 3854 libro

363 3881 509 3963 peculiari
542 3884 629 3945 etiarn
659 3884 879 3962 Hermogenem
910 3885 1121 3956 illustraverit,
1154 3905 1194 3945 an
1223 3896 1384 3965 utrumque
1415 3885 1481 3964 pari

393 4126 399 4140 ι
455 4057 476 4127 ²)
495 4058 531 4140 cf.
552 4073 578 4113 e.
597 4073 625 4127 g.
644 4056 740 4125 Lehrs,
766 4058 799 4112 de
817 4058 973 4116 Aristarchi
992 4059 1092 4115 studiis
1110 4058 1278 4115 Homericis’
1296 4076 1322 4128 p.
1341 4062 1383 4128 30,
1409 4058 1481 4114 Lud-

365 4127 444 4195 wroh,
463 4127 625 4184 Arrstarchs
642 4129 812 4186 homerisohe
831 4130 993 4188 Textkritik
1012 4132 1034 4197 Ι,
1054 4132 1095 4187 79.

456 4199 478 4304 l
496 4200 677 4326 1111101111
692 4200 963 4330 imbuistis
981 4202 1215 4330 titutum·

457 4275 481 4411 ’1
500 4342 532 4397 Io
546 4289 786 4410 quooVotdnanni
796 4317 887 4414 opinio
898 4352 940 4402 est
950 4315 1178 4411 :observationes
1185 4344 1331 4414 miscellae,
1343 4346 1419 4416 lete,
1429 4349 1482 4418 po.
