3356 5150
818 473 1039 530 „46-

370 647 526 711 ἀντίθεσιν
564 651 678 712 21104
703 647 828 734 (1325),
859 652 1044 725 περίφρασιν
1075 653 1106 709 X
1129 649 1255 708 2571
1223 594 1352 732 (1268),
1385 647 1490 714 simile

459 737 610 888 Restant)
607 849 711 910 pauca
738 829 847 910 quibus
863 827 1038 887 Eustathius
1060 827 1098 884 ab
1114 827 1314 903 Hermogenis
1329 825 1489 906 disciplina

370 917 521 978 discedere
543 918 675 993 videtur,
690 939 779 1000 *quae
802 929 917 987 tamen,
949 918 1071 975 minime
1093 926 1227 976 evertere
1252 925 1384 996 possunt,
1409 935 1489 997 quae

370 1028 462 1086 supra
482 1010 640 1068 statuimus
656 1029 764 1088 nempe
778 1009 862 1068 illum
879 1007 969 1086 plane
984 1006 1183 1083 Hermogenis
1199 1025 1332 1084 premere
1348 1007 1486 1082 vestigia.

370 1097 483 1156 Partim
507 1099 587 1158 enim
616 1097 730 1156 habent
759 1116 900 1174 magnam
932 1095 1104 1155 affinitatem
1138 1095 1181 1154 illi
1204 1095 1263 1154 loci
1286 1115 1354 1154 cum
1377 1095 1486 1174 simpli·

371 1187 464 1267 citati,
489 1207 567 1267 quae
591 1187 711 1267 quidem
735 1207 805 1266 pars
828 1195 873 1246 est
896 1186 1064 1257 suavitatis,
1088 1186 1197 1264 partim
1214 1185 1263 1242 hic
1286 1203 1407 1264 quoque
1430 1195 1488 1242 sta·

369 1275 514 1336 tuendum
543 1277 696 1356 paulisper
726 1297 745 1335 a
775 1275 988 1356 posterioribus
1018 1275 1175 1333 suavitatis
1206 1272 1391 1353 provinciam
1422 1293 1487 1333 esse

369 1366 587 1440 amplificatam.
610 1365 687 1425 Sunt
703 1375 803 1425 autem
818 1366 863 1428 hi:
880 1371 919 1425 M
927 1367 967 1425 29
986 1359 1094 1445 (890)
1118 1361 1177 1439 έχει
1201 1363 1234 1423 όέ
1250 1384 1277 1422 τι
1296 1359 1488 1440 γλυκύτητος

369 1457 419 1514 καί
441 1449 479 1514 τό
502 1453 699 1531 ἐπαγόμενον
714 1450 752 1516 τό
775 1450 794 1515 ἁ
817 1455 930 1516 θέσαν
953 1453 1156 1529 μογέοντες
1175 1447 1312 1527 ’Λχαιοί
1326 1499 1333 1512 .
1348 1453 1400 1514 ἵνα
1415 1451 1487 1528 λέγη

370 1535 418 1604 ότι
449 1539 506 1619 ἐφ’
545 1541 600 1617 οἷς
633 1541 822 1623 ἐπόνησαν
852 1541 987 1620 ’Λχαιοί
1019 1539 1036 1602 ό
1067 1543 1230 1602 Ποσειδῶν
1261 1537 1487 1617 ἁναμοχλεύιαν

369 1631 500 1710 έχαιρεν.
550 1632 627 1700 Ξ83
653 1630 759 1719 (968)
791 1629 830 1694 τό
861 1629 1028 1694 όέποῖόν
1052 1647 1088 1692 σε
1112 1629 1199 1704 έπος
1229 1627 1346 1706 φύγεν
1376 1629 1437 1706 ἔχει
1459 1653 1487 1692 τι

370 1722 430 1783 νύν
460 1728 570 1784 πλεῖον
600 1729 659 1784 τοῦ
683 1721 840 1801 συνήθους
863 1717 962 1799 γλυκύ
991 1723 1043 1781 καὶ
1067 1716 1190 1781 ἁστεῑον
1220 1719 1254 1780 ἐν
1276 1725 1323 1802 τῷ
1352 1718 1486 1796 φύγεν·

370 1812 464 1872 οἱονεί
487 1810 546 1890 γάρ
570 1828 671 1890 φησιν,
705 1809 748 1886 ώς
770 1809 855 1889 ήμεῖς
877 1813 934 1886 μέν
957 1807 1016 1872 ούκ
1040 1804 1088 1882 tto,
1113 1805 1158 1883 ὥς
1179 1805 1219 1869 σύ
1240 1807 1355 1882 βούλει,
1379 1807 1488 1884 φύγοι-

369 1922 435 1975 μεν,
461 1902 519 1962 σού
542 1903 575 1963 δὲ
595 1902 722 1977 ἐξέφυγε
742 1899 837 1978 λύγος
852 1899 891 1962 ού
906 1896 1047 1980 χρηστός,
1072 1895 1111 1960 ὃν
1126 1897 1221 1978 έχρήν
1236 1896 1328 1959 ένόον
1343 1904 1488 1975 καθεῖρχ-

370 1995 425 2052 θαι
449 1987 633 2068 duodicem·
656 1995 729 2067 χ21
749 1989 876 2074 (1917)
901 1993 952 2050 καί
968 1980 1028 2066 όρα
1044 1987 1157 2066 φράσιν
1178 1986 1293 2065 ταύτην
1309 1983 1488 2064 ἁπόζουσαν

370 2085 423 2156 της
445 2079 478 2140 ἐν
505 2077 609 2142 Ἰλιάδι
640 2079 832 2157 γλυκύτητος
861 2081 914 2157 τής
936 2074 1015 2139 κατὰ
1045 2077 1224 2156 έμβρίθειαν
1254 2079 1305 2138 καί
1332 2075 1489 2156 νοήματος

370 2173 421 2230 καὶ
444 2168 597 2248 φράσεως.
644 2174 729 2230 5224
754 2166 883 2251 (1337):
914 2170 965 2228 καί
996 2165 1039 2228 έτι
1071 2168 1264 2246 γλυκυτέραν
1295 2161 1345 2227 dcci
1375 2162 1413 2226 τό
1437 2172 1490 2244 τῆς

369 2260 529 2337 ποιητικῆς
558 2257 696 2320 ἐνταῦθα
727 2257 886 2338 ῥητορείας
916 2255 1075 2329 πολυειόές
1110 2262 1176 2320 κτλ.
1241 2261 1272 2316 1⁷
1287 2258 1327 2317 27
1361 2257 1487 2335 (1193)ι

370 2344 408 2409 τό
433 2350 465 2409 δέ
496 2345 669 2409 ποδώκεα
692 2352 889 2424 Πηλείωνα
916 2351 1067 2424 περιττῶς
1089 2359 1187 2406 κεῖται
1210 2391 1218 2406 .
1238 2391 1244 2406 .
1262 2392 1270 2406 .
1289 2339 1425 2422 Ὅμηρος
1455 2346 1489 2406 δέ

371 2432 602 2514 γλυκαζόμενος
625 2442 662 2513 τη
684 2442 743 2497 τοῦ
764 2432 923 2513 Ἀχιλλέως
954 2436 1103 2514 προφορᾷ
1126 2433 1275 2496 διασσεύει
1298 2429 1407 2507 αὐτόν,
1439 2437 1488 2494 καί

372 2522 442 2587 άντί
465 2521 663 2600 ἁντοινυμίας
686 2521 722 2587 τὸ
745 2525 864 2587 ἐκείνου
887 2522 986 2605 ήόίοις
1008 2525 1156 2602 προφέρει
1181 2519 1291 2597 ὄνομα.
1384 2577 1386 2581 ,

460 2617 555 2675 Plane
577 2616 656 2675 idem
680 2608 771 2696 atque
802 2614 958 2693 γλυκύτης
981 2615 1132 2692 significat
1163 2614 1244 2694 apud
1268 2615 1483 2691 Hermogenem

373 2701 552 2787 ἁβρότης;1)
578 2726 650 2784 ergo
674 2706 809 2765 hocloco
826 2705 997 2786 proferendi
1020 2713 1089 2764 sunt
1109 2706 1138 2762 ei
1154 2704 1221 2776 loci,
1244 2703 1299 2762 ubi
1315 2703 1486 2762 Hastathius

371 2789 594 2864 {HN—rcum
618 2803 754 2863 admittit.
801 2805 876 2863 Voci
900 2799 998 2879 ἁβρὸς
1020 2803 1069 2860 hic
1092 2803 1154 2861 illic
1178 2803 1316 2874 occurris,
1349 2800 1402 2860 ubi
1426 2801 1489 2878 egit

373 2893 409 2952 de
431 2893 529 2970 figura
553 2890 755 2970 παρισώσεως
778 2914 802 2955 e.
821 2914 850 2970 g.
880 2897 982 2953 311673
1007 2889 1134 2976 (1323),
1168 2891 1249 2971 quod
1281 2892 1392 2971 optime
1422 2910 1488 2949 ccu-

371 2984 455 3042 venit
478 3002 544 3042 cum
567 2982 767 3063 Hermogene,
792 2984 844 3063 qui
866 2982 944 3042 hanc
967 2978 1102 3053 κάλλους
1123 2982 1251 3058 figuram
1275 2981 1399 3057 egregie
1422 2999 1489 3038 cum

372 3067 520 3149 ἁβρότητι
551 3075 716 3132 consentire
748 3069 856 3151 dicitl)
903 3075 1003 3132 0643
1028 3069 1140 3154 (1035)
1170 3078 1289 3149 poetam
1313 3069 1489 3128 Eustathius

372 3159 405 3220 έν
436 3164 639 3238 σκυθρωποῖς
669 3157 774 3239 ἁβρῶς
801 3166 906 3222 λαλεῖν
937 3162 1052 3238 statuit,
1083 3160 1136 3218 ubi
1166 3157 1280 3237 πάρισα
1311 3160 1489 3217 sententiam

372 3253 486 3310 tristem
515 3259 545 3308 et
568 3271 692 3326 gravem
722 3253 809 3331 quasi
839 3246 1043 3329 exhilarent.³)
1090 3247 1228 3308 Vividam
1261 3247 1488 3327 descriptionem

373 3333 474 3416 ἁβρόν
505 3338 575 3398 dicit
606 3342 701 3401 τ218
734 3337 863 3423 (1862);
903 3341 975 3399 item
1006 3338 1093 3418 clipei
1124 3338 1348 3398 fabricationem
1380 3343 1410 3397 Σ
1425 3340 1486 3398 431

462 3519 616 3578 Suavitate
640 3518 777 3578 absoluta
806 3516 1017 3595 aggrediamur
1040 3536 1107 3576 eam
1129 3516 1237 3586 ideam,
1270 3535 1361 3596 quam
1384 3515 1490 3575 Elusta·

373 3608 455 3667 thius
472 3607 602 3667 declarat
623 3627 690 3668 esse
704 3606 844 3668 ἐπίτασιν
859 3603 1061 3683 γλυκύτητος,
1086 3610 1279 3666 acrimoniam
1304 3601 1490 3688 (δριμύτητα

374 3699 438 3756 sivo
454 3693 611 3777 ὀξύτητα),
617 3694 643 3780 ⁴)
692 3701 792 3758 rato
811 3689 960 3781 (133);ι
945 3716 962 3755 ο
988 3695 1020 3756 δέ
1044 3691 1191 3770 γλυκύς
1183 3695 1288 3772 ι’μερος
1311 3693 1355 3770 εἴη
1379 3689 1418 3754 ἂν
1441 3697 1490 3754 καί

372 3781 482 3863 δριμύς
503 3782 583 3847 κατά
604 3790 830 3858 πολυωνυμίαν
853 3783 1007 3863 ρητύρων,
1040 3805 1102 3861 παρ
1139 3780 1185 3856 οἷς
1208 3779 1227 3862 ή
1251 3781 1400 3862 δριμύτης
1426 3781 1489 3844 ἐπί-

372 3879 458 3946 τασίς
480 3874 561 3937 ἐστιν
585 3873 785 3954 γλυκύτητος.
832 3878 854 3935 Δ
868 3877 928 3936 271
945 3869 1052 3956 (844);
1077 3873 1178 3933 ἰστέον
1193 3875 1226 3934 δέ
1242 3867 1340 3933 καί<
1316 3893 1360 3944 ως
1376 3871 1405 3932 οἱ
1420 3866 1488 3945 μεθ’

461 4059 955 4218 {illataesppapwamn
974 4125 1492 4199 sc.adeffic1endamduptrmmors

376 4201 502 4268 σχήμασιν
521 4221 537 4266 η
554 4200 728 4256 retractator

468 4272 490 4339 8)
510 4271 581 4340 etp
583 4274 651 4329 .3·2.

469 4288 641 4414 ⁴)Hermog.
660 4343 698 4409 Π,
717 4344 769 4397 365
789 4359 847 4411 sqq
865 4343 910 4412 Sp.
929 4342 1008 4398 Hanc
1026 4344 1116 4400 ideam
1134 4347 1163 4398 et
1180 4341 1334 4410 proximam
1352 4342 1493 4394 ἐπιείκειαν

380 4427 480 4485 gnorat
497 4415 651 4482 Aristidem
671 4386 704 4470 cd
725 4414 887 4485 Baumgart,
906 4431 933 4484 p.
952 4417 1021 4483 206;
1040 4417 1101 4471 210.
