3390 5140
817 427 1032 487 ..76-

366 613 478 675 tatem:
498 601 566 667 ἐ’νια
590 607 622 668 δέ
646 611 704 667 τοῦ
727 604 909 684 πράγματος
931 605 1125 681 ἐνοχλοῦντα
1155 610 1315 667 πείθεσθαι
1345 602 1387 684 μὴ
1410 623 1482 684 συγ-

369 696 467 774 χωρη,
485 691 529 769 ὥς
541 693 613 774 παρ’
630 690 749 777 Ὁμήρῳ
763 714 770 728 ·
782 699 840 756 ναί
857 690 898 773 δὴ
915 692 1029 755 ταῦτά
1046 715 1084 772 γε
1100 692 1234 769 πάντα,
1251 696 1374 774 γέρον,
1391 693 1483 757 κατά

366 781 656 865 μοῖράνέειπες,
681 779 760 846 ἀλλ’
786 779 842 846 66'
869 779 960 863 ἀνὴρ
983 783 1109 847 ἐθέλει.
1135 787 1274 866 (Α286);
1299 786 1335 847 cf.
1361 787 1483 850 Maxim.

365 874 493 936 Planud.
517 876 556 950 V,
582 876 643 938 539
669 875 716 937 W.

456 982 571 1061 Syrian.
596 984 620 1054 Ι,
654 984 706 1064 94,
740 983 782 1042 20
806 983 841 1044 R.
872 979 910 1042 ad
933 981 1077 1058 Hermog.
1100 982 1141 1056 11,
1176 984 1249 1056 397,
1286 986 1324 1043 16
1349 981 1412 1063 Sp.:
1444 982 1483 1042 ad

367 1069 540 1149 δεινότητας
565 1067 621 1145 τὰς
642 1072 699 1145 μέν
723 1065 782 1131 066
809 1070 1012 1149 ἰσχυροτέρας
1034 1076 1099 1132 τῶν
1129 1069 1261 1132 ἐννοιῶν
1284 1075 1333 1133 καί
1364 1067 1409 1147 ἐφ’
1436 1069 1484 1145 αἶς

366 1157 488 1240 σφόδρα
518 1160 668 1222 πέποιθεν
692 1156 710 1221 ό
734 1160 835 1236 λέγων
857 1156 984 1236 πρώτας
1007 1181 1038 1220 τε
1061 1163 1111 1220 καί
1134 1165 1307 1233 τελευταίας
1330 1158 1482 1238 δέπιστη-

366 1271 438 1323 μων
461 1247 552 1326 τάξει,
585 1248 639 1323 τάς
662 1251 694 1310 δέ
718 1249 910 1327 σαθροτέρας
932 1248 966 1310 ἐν
988 1249 1071 1332 μέσῳ
1102 1244 1295 1328 κατακρύψει
1318 1248 1376 1311 τόν
1397 1247 1483 1329 Ὁμη-

366 1335 454 1416 ρικόν
479 1333 615 1416 ἀτεχνῶς
637 1333 862 1412 ἐκμιμούμενος
877 1339 1019 1417 Νέστορα
1042 1341 1092 1399 καί
1114 1335 1190 1412 τοὺς
1213 1336 1329 1414 κακούς
1345 1339 1374 1412 ές
1389 1341 1484 1414 μέσον

365 1427 517 1491 ἐλαύνων.
552 1430 587 1505 (Δ
599 1429 686 1507 299).
701 1457 743 1480 =
756 1430 877 1489 Maxim.
894 1427 1021 1491 Planud.
1037 1429 1075 1507 V,
1095 1433 1156 1490 552
1171 1427 1260 1508 W.;¹)
1285 1430 1321 1492 cf.
1339 1429 1481 1504 Tzetzen‚

366 1521 424 1580 An.
450 1517 505 1580 Ox.
531 1519 661 1601 1v‚94.

455 1625 525 1686 Joh
558 1625 614 1684 Sic.
638 1624 692 1697 VI,
725 1629 786 1686 451
813 1625 876 1687 W:
908 1621 1011 1729 δεινόν
1041 1624 1074 1685 δέ
1104 1641 1178 1701 φησι
1207 1620 1263 1686 τόν
1285 1621 1395 1688 ἱκανόν
1419 1640 1485 1701 τοῖς

366 1714 455 1775 εἴδεσι
486 1726 552 1786 τοῖς
577 1727 749 1791 ποιητικοῖς
778 1717 912 1792 χρῆσθαι
942 1709 1030 1802 πρὸς,
1050 1707 1087 1774 τό
1118 1713 1254 1790 πρέπον,
1286 1712 1365 1820 πρὸς
1396 1709 1434 1777 66
1465 1713 1483 1778 6

365 1808 516 1881 κρείττων
537 1800 638 1875 ούδείς
652 1799 798 1886 Ὁμήρῳ·
814 1803 891 1876 τέως
913 1803 970 1875 μέν
994 1803 1052 1863 ούν
1076 1800 1178 1864 δεινόν
1201 1804 1281 1880 λέγει
1302 1800 1358 1866 τόν
1381 1807 1483 1866 τοιού-

366 1914 424 1953 του
447 1888 514 1953 ἀλλ’
540 1887 579 1953 ού
603 1890 660 1953 τόν
683 1906 749 1965 τοῖς
776 1895 914 1966 βαθείοις
936 1895 986 1952 καί
1010 1889 1139 1967 ἀσάφεσι
1167 1895 1217 1952 καί
1240 1906 1307 1966 τοῖς
1328 1893 1484 1970 τοιούτοις

365 1979 545 2090 χρώμενον,
578 1976 652 2042 οὐδέ
683 1978 739 2043 τόν
771 1979 923 2059 φοβερόν,
963 1985 1077 2059 θηρίου
1113 1980 1187 2059 γάρ,
1221 1977 1288 2044 ἀλλ’
1322 1981 1395 2045 ούδέ
1427 1980 1483 2046 τόν

364 2071 476 2147 μέγαν,
507 2070 674 2146 ἐλέφαντος
697 2066 772 2149 γάρ,
805 2065 871 2131 ἀλλ’
898 2067 972 2131 ούδέ
1002 2068 1060 2132 τὸν
1082 2068 1221 2148 ἰσχυρόν,
1246 2072 1375 2146 λέοντος
1398 2071 1483 2152 γάρ·

365 2159 430 2222 εἶτα
445 2162 478 2221 δε
480 2159 581 2236 ἰξας’
565 2182 600 2220 εκ
614 2182 673 2220 του
662 2157 908 2236 ἀκριβεστέρου
923 2163 993 2238 περὶ
1016 2164 1111 2222 ποίου
1127 2162 1232 2221 δεινοῦ
1255 2161 1334 2239 λέγει
1357 2159 1375 2224 6
1397 2185 1483 2242 ποιη·

366 2247 427 2327 της,
452 2241 501 2310 ότι
522 2253 592 2327 περὶ
616 2255 675 2309 τοῦ
698 2248 817 2320 εἰδότος
839 2247 1012 2326 χρησασθαι
1035 2254 1139 2322 καλῶς
1158 2263 1224 2323 τοῖς
1242 2249 1409 2329 πράγμασι,
1433 2256 1484 2314 καί

365 2329 470 2416 ὥσπερ
495 2334 724 2411 ἀναποδείκτως
747 2335 958 2414 καταδραμὼν
981 2344 1034 2415 τῆς
1049 2338 1082 2414 έξ
1098 2333 1281 2413 ἀντιθέσεως
1300 2339 1480 2416 ένστάσεως,

364 2425 442 2501 μετά
466 2423 657 2502 ἀποδείξεων
680 2428 959 2505 παραδειγματικέ,ς
981 2433 1142 2488 πιστοῦται
1163 2425 1334 2506 τὸνλόγον
1349 2431 1404 2509 τῆς
1419 2427 1481 2492 ἀπό

366 2518 422 2577 τοῦ
446 2512 615 2588 Ὀδυσσέως
638 2518 826 2594 δημηγορίας
847 2512 927 2595 πρὸς
949 2512 1023 2589 τούς
1051 2517 1170 2594 Τρῶας,
1194 2513 1232 2626 ἦν
1250 2512 1383 2598 (Όμηρος
1406 2521 1480 2581 δείκ-

366 2621 435 2668 νυσι
459 2603 593 2682 λέγων’
576 2603 638 2666 υπὸ
655 2612 712 2666 τοῦ
733 2601 919 2684 Ἀντάνορυς
942 2596 1061 2679 ούτως·
1079 2601 1303 2686 ἀμφοτέρων
1327 2611 1364 2670 δέ
1387 2604 1480 2686 φυίην

365 2693 552 2773 εδαηνκαι
567 2693 683 2774 μηδεα
698 2716 819 2756 πυκνα
831 2701 896 2758 κτλ
914 2695 1215 2779 (sequunturl'208,
1230 2701 1304 2778 209,
1319 2701 1424 2759 212-
1432 2703 1480 2770 16,

367 2789 445 2865 221,
479 2781 568 2866 222).
613 2783 646 2844 ἐκ
669 2782 794 2845 τούτων
818 2779 854 2861 66
879 2783 1106 2863 τεκμηράμενος
1129 2781 1147 2846 6
1171 2783 1309 2862 τεχνικός
1339 2783 1396 2866 την
1427 2794 1484 2848 τού

365 2868 470 2952 ἥρωος
493 2868 625 2946 δύναμιν
653 2873 686 2934 ἐν
710 2879 755 2956 τῷ
779 2873 878 2980 λέγειν
901 2877 950 2933 καὶ
979 2872 1141 2953 δεινότητα
1169 2871 1248 2936 κατὰ
1275 2875 1400 2988 καιρόν,
1432 2880 1483 2938 καί

365 2960 521 3040 πρόσωπα
536 2959 762 3042 προσηκόντως
784 2958 842 3022 τόν
864 2961 963 3038 λόγον
978 2969 1139 3025 πιστοῦται
1159 2967 1209 3024 καί
1226 2959 1352 3043 ἀληθως
1367 2987 1392 3026 ει
1389 2964 1484 3027 ’πλά-

367 3051 453 3144 σαιτό
470 3074 524 3126 τις,
551 3056 638 3124 τίνας
654 3044 692 3112 ἀν
708 3050 774 3128 είπη
790 3049 906 3128 λόγους
922 3048 1019 3128 σοφός
1035 3050 1113 3157 ἀνὴρ
1130 3049 1210 3129 πρός
1226 3051 1343 3130 ἀσεβεῖς
1360 3050 1482 3162 ἀνθρω-

365 3163 445 3215 πους
446 3133 516 3201 καί
531 3138 671 3218 μικρούς,
696 3137 755 3201 οὐκ
779 3137 925 3215 ἀλλοίους
946 3145 998 3202 καί
1022 3139 1186 3216 τοιούτους
1208 3141 1320 3220 έρεῖ..
1340 3141 1400 3205 ,τό
1423 3143 1484 3252 γάρ

366 3225 429 3292 ἀπα
444 3228 580 3336 μεγάλην
596 3232 646 3290 καί
659 3228 835 3306 νιφάδεσσιν
846 3227 970 3292 ἐοικότα
987 3229 1080 3292 οὐδέν
1096 3227 1173 3293 ἀλλο
1187 3228 1310 3310 δηλυῖ’“
1293 3256 1311 3310 η
1327 3228 1375 3295 ότι
1390 3235 1485 3310 μέγας

365 3321 484 3397 μένην
507 3320 553 3401 τῷ
576 3324 736 3403 μεγαλείῳ,
760 3315 860 3393 πολύς
883 3321 916 3381 δέ
939 3333 1008 3395 τοῖς
1022 3319 1226 3399 ἐνθυμήμασι,
1251 3323 1436 3401 διηρημένος
1451 3325 1484 3384 δέ

366 3421 434 3482 τοῖς
456 3407 591 3482 κόμμασι
614 3414 669 3488 της
691 3407 885 3487 τραχύτητος
905 3412 956 3469 καί
978 3409 1207 3488 σφοδρότητος
1232 3406 1310 3490 ὑπὲρ
1325 3406 1484 3490 Ελληνων

367 3496 427 3577 γάρ
458 3495 670 3576 ἀδικηθέντων
700 3496 908 3577 ἐδημηγόρει·
926 3493 1057 3572 ἀκμαῖος
1087 3501 1119 3560 δέ
1150 3513 1218 3573 ταῖς
1249 3503 1482 3579 καταδρομαῖς·

367 3584 494 3666 τοιαύτη
527 3585 586 3688 γάρ
616 3584 634 3665 6
658 3589 809 3695 χειμέριος
843 3586 934 3662 νιφάς
958 3609 964 3623 ·
990 3583 1162 3668 ἀκλόνητος
1192 3591 1224 3650 δέ
1255 3591 1302 3672 τῷ
1333 3591 1404 3652 εἴδει
1434 3594 1484 3651 καί

368 3672 480 3754 ἀδεής·
499 3677 640 3749 τοιοῦτος
662 3675 720 3755 γάρ
745 3673 763 3738 6
787 3673 867 3756 πρὸς
889 3673 1004 3739 έαυτόν
1032 3678 1206 3756 συστρέψας
1235 3675 1292 3740 τόν
1315 3677 1484 3754 ὀφθαλμόν

366 3769 416 3826 καί
447 3763 505 3828 τόν
534 3767 614 3828 νούν
636 3764 765 3827 τοιαῦτά
788 3788 857 3827 τινα
876 3768 1013 3872 λέγων
1038 3761 1189 3829 ἀσπονδοι
1219 3767 1283 3830 ἐστέ
1314 3764 1340 3829 (ό
1375 3775 1483 3848 Τρῶες,

366 3859 473 3932 βίαιοι,
499 3845 646 3934 ἀρκαγες,
672 3853 791 3917 ἀνόσιοι
814 3857 855 3928 εἰς
878 3851 951 3930 τούς
973 3857 1095 3932 ξένους,
1121 3851 1301 3932 ἀσεβεῖςείς
1323 3852 1359 3918 τό
1382 3863 1482 3931 θεῖον,

368 3941 548 4022 ἀγνώμονες
570 3948 611 4018 εἰς
634 3940 708 4019 τοὺς
727 3939 894 4023 εὐεργέτας,
926 3950 1038 4019 λοιμοί,
1064 3952 1231 4025 φαρμακοί,
1262 3951 1376 4022 μοιχοί,
1409 3941 1483 4008 ἀλά-

366 4051 482 4114 στορες,
508 4032 715 4112 ἀποτρόπαιοι
737 4031 814 4111 μήτε
834 4030 928 4108 θεούς
951 4030 1170 4109 αἰδούμενοι
1153 4059 1171 4115 η
1195 4033 1387 4112 φοβούμενοι
1410 4033 1483 4114 μήτε

367 4121 559 4204 ἀνθρώπους
582 4122 801 4200 αἰσχυνόμενοι
817 4127 867 4184 καὶ
890 4120 929 4184 τά
953 4117 1045 4197 όμοια
1062 4175 1069 4189 .
1087 4121 1126 4186 ού
1141 4123 1204 4204 μὴν
1218 4125 1252 4187 ἐν
1268 4137 1332 4198 τοῖς
1356 4127 1483 4201 Φαίαξιν

459 4371 479 4441 1)
499 4368 577 4436 Quod
595 4367 760 4424 Eustathius
780 4384 887 4438 quoquo
906 4385 959 4424 ιιιιυ
979 4372 1038 4425 Ιοου
1059 4371 1238 4427 commendat.
