3356 5150
720 489 939 549 ..13-

270 668 322 728 καί
345 661 385 728 αὖ
408 663 503 728 πάλιν
525 662 605 726 κατά
627 661 717 741 τάξιν
744 663 822 726 αὐτά
838 668 956 728 τιθέναι
978 663 1106 749 μεθόδῳ
1130 672 1303 746 σαφηνείας,
1334 658 1386 732 lats

269 753 391 836 καιρός,
422 751 507 817 καθὰ
537 757 587 816 καί
617 754 754 817 ἐνταῦθα
784 769 895 818 ποιεῖ·
916 753 1019 818 πάντα
1050 751 1110 835 γάρ
1141 763 1199 819 νῦν
1229 752 1387 832 εὐτάκτως

270 844 420 926 ἐπιτρέχει
442 850 526 926 κτλ.;
557 855 706 926 prestera¹
719 847 756 908 of.
781 849 886 908 2443?
910 844 1012 930 (131).
1059 846 1173 908 Contra
1194 847 1387 928 reprehendit

269 938 421 997 inversum
446 933 577 996 ordinem
598 941 627 997 P
641 939 703 998 610
721 931 852 1021 (1120):
877 926 925 997 ότι
949 934 1081 1014 διηγημά
1096 958 1126 997 τι
1148 935 1288 1000 ἐνταῦθα
1309 936 1386 999 ἐκτί-

269 1032 359 1088 θεται
383 1020 401 1086 ό
425 1019 554 1104 ποιητὴς
577 1021 692 1102 ἀσαφὲς
713 1025 812 1086 πλέον
834 1031 893 1087 τοῦ
917 1024 1035 1098 εἰκότος
1058 1029 1108 1087 καί
1131 1024 1215 1088 πάνυ
1239 1042 1386 1104 συγκεχυ-

269 1116 375 1190 μένον,
401 1109 445 1188 ὡς
467 1113 500 1190 ἐξ
515 1107 712 1194 ἀναστροφῆς
727 1116 839 1191 λεχθὲν
862 1118 912 1176 καί
934 1110 976 1193 μὴ
992 1111 1179 1191 κατὰφύσιν
1195 1116 1294 1178 τεθέν.
1319 1122 1384 1181 κτλ.

359 1206 517 1286 Reliquam
548 1205 750 1282 Hermogenis
786 1204 1018 1286 disputationem
1055 1204 1092 1265 ds
1128 1204 1257 1266 dictione
1289 1221 1318 1268 et
1349 1206 1386 1267 de

270 1296 377 1355 ceteris
401 1297 543 1355 orationis
566 1295 722 1355 elementis
745 1295 889 1355 hocloco
913 1303 1084 1375 praetereo,
1114 1297 1186 1375 quia
1209 1297 1386 1356 Flustethiue

270 1385 352 1445 nullo
375 1384 440 1445 loco
463 1404 500 1445 ee
522 1387 671 1466 respexit;
703 1384 783 1465 quod
807 1385 843 1444 de
868 1386 911 1445 eis
935 1405 971 1445 eo
993 1386 1090 1464 magis
1112 1387 1144 1444 in
1166 1396 1308 1466 promptu
1330 1395 1385 1463 est,

270 1494 350 1552 oues
373 1483 445 1536 sunt
468 1474 506 1535 de
528 1475 670 1547 numeris,
694 1495 764 1534 nem
785 1475 830 1534 illi
852 1476 883 1534 in
900 1475 1081 1534 carminibus
1098 1474 1302 1553 subiungcndi
1316 1485 1387 1537 sunt

268 1564 387 1642 legibue
404 1566 477 1626 artis
492 1565 643 1646 metricas,
666 1583 726 1624 non
742 1564 876 1644 pendent
891 1584 929 1626 ex
944 1564 1068 1624 arbitrio
1084 1575 1202 1645 poetes.
1240 1564 1385 1626 Idunum

268 1673 494 1715 commemorem
518 1655 738 1732 Hermogenem
762 1655 887 1714 Homeri
916 1652 1074 1715 dictionem
1102 1674 1157 1735 pro
1185 1654 1386 1735 pulcherrime

267 1743 379 1804 habore
401 1753 524 1824 propter
547 1746 643 1823 ipsam
666 1745 828 1824 puritatem
838 1742 876 1822 1),

356 1835 420 1894 lem
445 1843 633 1893 transeamus
657 1832 695 1892 ad
719 1834 842 1893 alteram
872 1834 1016 1894 claritatis
1038 1836 1167 1914 speciem
1195 1832 1235 1893 sd
1262 1831 1385 1912 εὐαρί-

267 1951 369 1993 νειαν
399 1929 667 2013 (perspicuitatem)
675 1933 716 2012 ²),
756 1952 835 2012 ques
864 1930 991 1991 Aristidi
1028 1933 1120 2012 plene
1149 1918 1387 2017 ignote-:effi

265 2015 381 2090 ds'ilh
404 2029 484 2108 opud
509 2030 699 2091 hlustatbium
724 2031 812 2110 plura
835 2032 1011 2094 invenimus.

355 2119 428 2180 llius
445 2139 553 2179 munus
570 2130 624 2194 est,
641 2130 675 2180 ut
690 2122 816 2200 puritati
830 2120 908 2180 feret
923 2119 1098 2196 subsidium,
1115 2140 1281 2195 removero,
1306 2141 1385 2201 quse

268 2208 389 2269 obstant
411 2209 556 2284 facilitati,
583 2230 642 2290 quo
658 2211 699 2284 fit,
725 2220 759 2268 ut
781 2211 911 2270 maxime
929 2210 961 2269 in
982 2207 1121 2270 methodo
1138 2212 1236 2290 posite
1252 2212 1300 2294 eit,
1325 2229 1385 2291 quo

267 2297 426 2379 tolluntur,
456 2318 534 2379 quae
558 2299 661 2358 contre
684 2301 845 2379 puritatem
869 2319 1006 2380 pugnare
1030 2298 1179 2363 videntur.
1226 2299 1323 2375 Quem
1346 2300 1385 2360 ud

265 2408 327 2447 rem
348 2388 536 2449 efficiendam
552 2390 725 2469 aptissimae
739 2400 811 2449 sunt
825 2387 941 2450 ἔννοιαι
956 2392 1184 2464 καταστατικαλ,
1207 2391 1383 2471 sententies,

266 2497 345 2558 quse
366 2498 429 2537 rem
453 2480 640 2540 constituunt
655 2488 686 2539 et
700 2481 859 2559 perspicue
882 2489 1053 2560 proponunt
1075 2479 1283 2560 indicantque,
1312 2479 1384 2560 quid

265 2568 405 2648 deinceps
429 2567 587 2629 dicendum
611 2571 657 2631 sit.
703 2570 760 2628 Ille
780 2571 863 2630 notio
884 2577 1010 2650 apparet
1030 2590 1068 2629 ex
1087 2569 1159 2629 locis
1180 2570 1384 2630 Elustethianis

263 2663 327 2719 111
347 2654 477 2743 (1041):
503 2649 551 2719 ότι
575 2657 609 2720 ἐν
632 2663 764 2730 πολλοῖς
787 2654 805 2718 ό
828 2655 959 2737 ποιητὴς
979 2658 1149 2737 ,χρώμενος
1175 2657 1308 2733 ἐννοίαις
1330 2679 1383 2719 κα-

264 2759 461 2819 ταστατικαῖς
484 2750 535 2808 καί
559 2745 795 2822 άναπαυοάσαις
819 2746 856 2808 τά
876 2745 1079 2827 προλαβόντα
1095 2745 1166 2810 οἷον
1182 2766 1188 2780 ·
1205 2743 1254 2822 ὥς
1269 2748 1303 2809 οἱ
1318 2749 1384 2820 μὲν

264 2831 308 2895 τά
335 2836 498 2898 πένοντο
530 2832 623 2898 κατά
655 2835 818 2916 στρατόν
843 2857 850 2872 ·
875 2832 924 2910 ὥς
951 2838 986 2899 ot
1014 2839 1080 2912 μὲν
1108 2839 1263 2900 τοιαῦτα
1290 2835 1384 2917 πρός

265 2921 453 3003 ἀλλήλους
484 2921 693 3005 ἀγόρευον·
719 2918 767 3002 τός
792 2925 857 3005 τὴν
885 2929 950 3001 μὲν
978 2924 1152 3007 πρόμνην
1174 2933 1245 3006 πῦρ
1270 2922 1383 3004 liupe-

263 3028 324 3075 σιν
341 3034 349 3049 ·
367 3009 415 3088 τός
438 3016 472 3076 οἱ
491 3017 560 3089 μὲν
589 3017 707 3096 Τρῶες
730 3014 899 3094 φυλακάς
920 3015 1008 3093 ἔχον
1026 3037 1033 3052 ·
1050 3013 1099 3091 τός
1122 3012 1140 3078 ό
1163 3019 1229 3090 μὲν
1252 3016 1290 3078 ἐν
1306 3023 1382 3078 κλι-

263 3107 322 3180 σίη
345 3109 550 3166 Μενοιτίου
574 3099 731 3180 άλκιμος
753 3103 835 3182 υἱός
856 3110 931 3185 φησί
946 3110 996 3168 καί
1012 3106 1149 3169 ἐνταῦθα
1165 3126 1173 3142 ·
1191 3103 1239 3180 ὥς
1262 3108 1295 3167 οἱ
1318 3108 1383 3180 μὲν

261 3197 344 3274 περὶ
368 3192 458 3273 νηὸς
480 3194 678 3270 ἐυσέλμοιο
700 3194 880 3273 μάχοντο.
917 3196 1159 3282 3500(1608)ι
1176 3192 1383 3274 καταστατικὴ

263 3285 297 3344 δὲ
324 3281 429 3346 ἔννοια
456 3282 494 3347 τό
523 3283 634 3348 ἔνθεν
660 3283 768 3361 ἑλών,
803 3279 821 3365 ᾖ
848 3287 989 3366 χρῶνται
1017 3290 1068 3348 καί
1095 3287 1125 3348 οἱ
1155 3284 1225 3360 μεθ’
1245 3281 1382 3365 Ὅμηρον

265 3367 398 3451 όπηνίκα
414 3373 513 3451 λόχου
529 3373 765 3454 ἀφηγηματικοῦ
780 3375 1006 3455 κατάρχοντας
1030 3383 1059 3438 Β
1075 3381 1134 3439 761
1154 3373 1258 3460 (339),
1276 3382 1302 3437 Ζ
1318 3378 1380 3437 206

264 3459 367 3548 (633),
391 3471 427 3527 Π
438 3468 501 3527 306
519 3461 641 3550 (1061).
752 3517 754 3520 .

354 3554 430 3614 Sunt
453 3575 525 3634 ergo
549 3553 667 3617 ἔννοιαι
690 3559 909 3618 καταστατικαλ
933 3557 964 3617 αλ
987 3554 1231 3636 συμπληρώσεις,
1261 3554 1380 3637 quibus,
1449 3571 1453 3580 ’

264 3640 346 3723 quod
371 3652 460 3703 entes
482 3654 636 3706 nemetum
660 3657 734 3721 eret,
766 3647 897 3707 breviter
921 3646 1189 3728 comprehenditur,
1222 3645 1380 3726 simulque,

263 3751 344 3813 quae
373 3743 551 3817 sequuntur,
582 3732 842 3818 prosperantur.⁴)
896 3736 1035 3818 Utraque
1063 3737 1143 3797 illius
1173 3737 1289 3815 figures
1311 3755 1381 3816 pars

352 3944 374 4014 1)
393 3943 435 4012 II,
459 3947 525 4013 408,
549 3949 582 4002 22
602 3948 652 4020 Sp:
672 3952 716 3999 καὶ
740 3947 776 4004 τάς
798 3949 855 4000 τῶν
880 3947 950 3999 ansol
974 3953 1078 4014 ποίησιν
1103 3943 1227 4013 καλλίστη
1250 3945 1382 4012 λέξεσινὴ

258 4013 371 4139 Ὁριήριρυ
382 4033 388 4047 ·
399 4015 522 4090 καθαρός
539 4017 590 4089 γὰρ
609 4021 639 4070 ἐν
656 4020 757 4072 ποιόοει
770 4017 916 4072 κινδυνεύει
928 4020 1011 4088 μόνος
1029 4020 1045 4087 ἢ
1063 4018 1111 4072 σόν
1128 4016 1238 4084 Ἡσιόδῳ
1256 4017 1315 4070 κατ’
1335 4017 1380 4069 αὖ·

260 4105 312 4156 την
329 4107 407 4141 evas.

350 4160 373 4232 ¹)
391 4161 428 4231 Il,
447 4162 499 4218 281
519 4177 578 4230 sqq.
598 4162 643 4233 Sp.

351 4233 373 4304 ⁸)
392 4233 426 4290 of.
445 4234 601 4304 Boumgert
618 4253 644 4305 p.
665 4238 724 4291 167.

350 4304 373 4376 ⁴)
392 4305 489 4362 Talem
509 4308 778 4377 comprehensionem
796 4309 856 4378 ipso
874 4308 1039 4364 Eustethius
1056 4309 1165 4361 ἔννοιαν
1183 4305 1380 4374 καταπατικὴο

262 4377 582 4450 sppsssstA304(107):
596 4377 737 4437 ὅτιτόῶσ
755 4382 799 4433 τώ
817 4401 852 4452 ys
870 4381 1056 4449 ἀντιβίοισι
1073 4383 1290 4449 μαχεσαμίνω
1308 4379 1379 4431 las-

260 4466 349 4501 εσσιν
362 4448 534 4518 ἀνστήτην
547 4453 631 4520 σχῆμα
644 4451 678 4504 ὂν
690 4453 890 4506 καταοτατιιιὸν
903 4455 1006 4510 ίννοίαα
1015 4455 1040 4505 οἱ
1051 4455 1232 4527 γραμματικοὶ
1243 4471 1380 4526 παραχρε-
