3390 5140
657 479 874 542 ..97-

207 659 313 724 3337
343 658 483 722 στικτέον
505 657 554 720 ἐπὶ
576 653 613 720 τὸ
640 649 666 720 ὦ
694 655 834 722 πότοι·
857 655 1091 733 κομματικὸν
1121 655 1179 740 γὰρ
1202 657 1326 735 μᾶλλον·

206 750 343 827 ἐμφαίνει
373 743 444 811 καθ’
470 745 565 810 έαντὸ
595 747 773 825 λεγόμενον.
804 750 841 814 Α.
888 754 916 811 Γ
933 753 996 812 422
1021 745 1084 812 ἀπὸ
1114 748 1232 812 τούτου
1263 741 1325 825 ‘icoc

207 840 264 903 τοῦ
279 834 444 918 ἀφραδέως
460 836 552 924 (426)
571 833 754 902 ἀθετοῦνται
770 843 870 914 στίχοι
884 838 985 921 πέντε,
1009 829 1057 902 ὅτι
1073 837 1236 918 τιεζότεροί
1249 841 1324 904 εἰσιν

206 943 275 1004 τοῖς
303 927 451 1008 νοήμασι,
481 931 621 1006 ψυχροὶ
651 933 700 991 καὶ
733 926 960 1007 ἀκατάλληλοι·
986 923 1049 1003 ἅμα
1078 931 1136 1004 μέν
1163 926 1223 1008 γὰρ
1245 931 1325 1008 λέγει

207 1013 274 1081 ἀλλ’
303 1017 349 1080 ἴθι
378 1018 567 1097 προκαλέσαι
597 1021 647 1079 καὶ
677 1016 755 1080 κατὰ
786 1014 822 1079 τὸ
854 1020 980 1095 συνεχές
1008 1017 1155 1099 ἐπιφέρει,
1188 1014 1267 1081 ἀλλὰ
1295 1015 1321 1082 c'

209 1103 305 1185 ἔγωγε
329 1107 505 1170 παύσασθαι
533 1108 660 1191 κέλομαι
690 1105 735 1183 ὡς
763 1105 1001 1188 φροντιζοὺοης.
1034 1112 1071 1171 Δ.
1118 1111 1182 1170 Ηοα
1205 1129 1326 1191 quoque

206 1199 271 1258 loco
293 1198 488 1279 repetendum
520 1209 611 1280 esset,
643 1218 722 1280 quae
745 1220 774 1278 p.
800 1202 841 1261 95
867 1202 1059 1280 exposuimus
1089 1198 1127 1260 de
1156 1220 1215 1261 usu
1243 1195 1326 1264 vocis

205 1287 334 1367 πρέπον.

258 1375 266 1393 “’
294 1379 394 1440 Huius
417 1379 537 1457 generis
561 1378 649 1458 plura
676 1398 798 1458 possum
825 1379 946 1454 afferre,
978 1377 1030 1439 sed
1057 1387 1131 1460 puto
1157 1381 1213 1454 eis,
1246 1399 1325 1460 quae

208 1470 350 1551 excerpsi,
382 1469 455 1528 satis
486 1468 631 1528 illustrari
653 1469 798 1528 rationem
822 1467 1094 1530 Alexandrinorum
1118 1471 1151 1529 in
1170 1478 1235 1529 erte
1258 1470 1324 1529 rhe-

210 1559 304 1618 torica
334 1556 498 1621 tractanda.
543 1558 609 1617 Hac
640 1578 762 1638 quoque
791 1559 822 1617 in
846 1559 1012 1634 provincia,
1043 1569 1077 1619 ut
1104 1559 1233 1632 solebat,
1257 1558 1325 1620 Ari-

207 1648 343 1708 starchus
359 1668 432 1708 sana
448 1667 484 1706 ac
503 1647 603 1707 sobria
618 1662 717 1708 mento
737 1649 864 1707 accessit
880 1647 917 1706 ad
936 1649 1191 1728 interpretandum
1207 1658 1324 1728 poetam

206 1747 245 1810 et,
270 1758 453 1818 quamquam
476 1735 558 1798 haud
587 1758 655 1798 raro
683 1739 793 1817 optime
823 1757 884 1798 rem
917 1739 1008 1814 gessit
1039 1758 1138 1818 neque
1168 1739 1325 1800 infeliciter

207 1827 372 1887 Homerum
395 1826 528 1887 defendit
548 1839 651 1887 contre
673 1829 763 1887 miras
785 1827 852 1886 illas
876 1826 1098 1888 emendationes
1129 1829 1193 1888 sive
1216 1829 1325 1888 rectius

205 1917 407 1980 mutilationes
431 1919 560 1977 maxime
584 1937 602 1976 a
624 1917 776 1977 Zenodoto
800 1918 999 1993 excogitatas,
1028 1927 1128 1977 tamen
1152 1919 1182 1977 in
1206 1919 1324 1978 univer·

206 2026 271 2066 sum
304 2026 364 2066 non
394 2007 438 2066 ita
468 2007 594 2067 multum
626 2008 775 2086 praestitit
797 2007 827 2065 in
851 2018 914 2066 arte
944 2017 1051 2087 poetae
1081 2006 1263 2089 enarranda,
1295 2017 1326 2067 et
1426 2001 1428 2006 ’

207 2097 304 2175 primo
337 2095 444 2156 obtutu
474 2106 559 2177 patet
587 2096 737 2180 pleraque
774 2097 966 2164 scholiorum
995 2097 1225 2164 rhetoricorum
1259 2103 1325 2164 tom

206 2185 333 2253 αι’νονοα
356 2186 457 2252 οοῑοτο
479 2208 517 2253 oc
539 2187 647 2252 indole
668 2208 743 2260 esee,
767 2193 805 2253 ut
820 2207 930 2253 eornm
945 2192 1090 2254 auctores
1105 2185 1326 2256 stennone·

207 2276 340 2348 οιατιιιιο
364 2297 428 2343 esse
451 2297 520 2344 non
537 2276 676 2362 possint·

657 2505 870 2516 -n——u

533 2656 535 2662 ¹
648 2735 793 2856 eaput
821 2734 886 2828 nr.

296 2900 602 2983 Circumspiciendum
631 2903 724 2980 igitur
755 2911 815 2977 est,
847 2921 918 2962 num
950 2900 1024 2960 alios
1053 2900 1151 2960 fontes
1178 2897 1325 2978 indagare

207 2992 365 3072 possimus,
399 2990 479 3051 unde
511 2993 605 3072 petita
629 2993 702 3067 sint,
734 3012 813 3074 quae
844 2991 958 3052 scholia
987 2990 1121 3051 referunt
1146 2988 1183 3050 de
1206 3001 1272 3050 arte
1296 2999 1325 3052 et

208 3081 383 3162 eloquentia
398 3081 530 3142 Homeri,
577 3081 652 3142 Cum
668 3091 770 3144 autem
784 3081 919 3162 reliquae
935 3079 1179 3161 philosophorum
1195 3077 1326 3162 sectae¹)

208 3173 308 3232 studia
323 3171 472 3232 rhetorica
487 3171 576 3251 plane
592 3171 821 3251 neglexerint,²)
837 3171 1048 3251 relinquuntur
1068 3176 1173 3249 stoici,
1197 3169 1235 3230 ad
1252 3190 1326 3251 quos

207 3256 452 3340 confugiamus.⁸)
506 3260 589 3337 Quos
627 3272 743 3322 constat
772 3282 833 3322 non
863 3260 958 3321 solum
989 3260 1167 3320 rhetoricam
1200 3261 1326 3322 coluisse

207 3350 362 3430 multaque
387 3351 480 3411 verba
509 3371 544 3410 ec
567 3353 705 3412 notiones
728 3353 759 3411 in
784 3362 876 3411 artem
899 3349 1079 3410 rhetoricam
1102 3360 1133 3411 et
1155 3352 1325 3430 grammati·

208 3459 272 3498 cam
295 3440 447 3501 induxisse
469 3461 550 3501 nova
573 3451 626 3500 aut
647 3443 706 3501 iam
731 3443 880 3501 exstantia
909 3451 992 3500 certa
1019 3439 1148 3520 quadem
1177 3440 1324 3519 significa-

207 3529 287 3588 tione
309 3549 478 3609 usurpasse,
504 3551 583 3611 quae
606 3530 705 3592 adhuc
727 3534 759 3590 in
783 3532 828 3589 his
852 3528 1017 3608 disciplinis
1039 3530 1136 3605 valet,
1160 3530 1213 3590 sed
1236 3531 1325 3590 etiam

206 3617 330 3677 multum
355 3619 484 3679 studium
508 3624 539 3680 in
555 3621 684 3681 Homero
708 3621 917 3699 collocavisse3
941 3639 1010 3678 nam
1033 3621 1092 3678 iem
1108 3619 1200 3695 Zeno,
1218 3619 1325 3681 Clean·

207 3707 281 3782 thes,
306 3706 499 3791 Chrysippus,
523 3710 691 3771 conditores
708 3730 743 3768 ac
767 3711 917 3789 principes
933 3709 1015 3769 illius
1032 3708 1216 3792 disciplinae,
1241 3731 1325 3788 mag·

207 3817 275 3857 nam
300 3809 487 3857 necaverant
509 3820 630 3881 operam
662 3802 691 3860 in
724 3799 903 3880 explicando
932 3798 1007 3859 duce
1030 3809 1198 3878 poetarum.
1245 3798 1325 3875 Quo-

206 3886 294 3946 modo
315 3885 346 3947 id
370 3888 494 3948 fecerint
517 3910 577 3949 non
599 3893 657 3950 iam
683 3899 821 3951 constare
845 3887 1005 3950 dolendum
1028 3896 1083 3968 est,
1116 3888 1211 3947 multa
1234 3901 1325 3965 certe,

297 4081 317 4150 ¹)
336 4080 460 4148 Excepto
479 4093 532 4133 uno
553 4079 742 4150 Theophrasto
761 4079 954 4152 peripatetico,
982 4095 1062 4146 ouem
1081 4087 1174 4137 tamen
1192 4096 1209 4134 a
1226 4079 1324 4135 scholi·

207 4151 275 4206 estis
295 4152 448 4220 expilatam
467 4167 526 4206 esse
546 4153 735 4210 demonstrare
755 4169 888 4210 conamen
907 4151 1099 4208 difficillimum
1119 4151 1180 4207 erit.

296 4224 317 4290 2λ
338 4222 430 4292 Quid?
450 4224 521 4292 qnod
534 4223 608 4280 Sext.
622 4225 699 4295 Emp.
720 4227 782 4282 adv.
801 4227 872 4282 rhet.
894 4227 927 4280 12
946 4233 1045 4279 narrat
1067 4224 1216 4280 Critolaum
1235 4227 1325 4278 artem

206 4294 372 4350 rhetoricam
393 4300 568 4360 κακοτεχνίαν
587 4298 747 4364 appellasse.

298 4367 319 4437 ³)
338 4368 371 4423 cf.
386 4367 549 4433 Volkmann,
569 4368 649 4433 rhet,
668 4371 692 4437 9,
713 4369 830 4438 Striller,
850 4370 884 4424 de
898 4367 1046 4424 stoicorum
1059 4367 1159 4424 studiis
1177 4366 1325 4424 rhetoricis

206 4461 241 4485 =
254 4437 364 4498 dissert.
384 4440 478 4512 philol.
497 4438 650 4496 Vratislnv.
669 4439 692 4507 1,
713 4443 790 4510 1886,
810 4459 835 4510 p.
857 4444 872 4496 3
893 4457 950 4510 sqq.

1131 4549 1147 4604 ⁷
