3356 5150
644 481 684 490 ..
734 449 772 508 57

196 627 408 706 perspicuitate
443 627 490 684 sui
524 626 622 706 operis
657 623 693 684 de
724 633 788 684 arte
822 625 1003 705 reliquorum
1036 634 1190 704 poetarum
1221 635 1312 706 atque

196 717 373 796 scriptorum
396 727 517 795 praeter
540 733 650 794 paucos
673 714 752 788 illos,
778 713 815 774 de
838 715 947 794 quibus
970 716 1035 794 ipse
1058 717 1206 794 exposuit,
1235 715 1311 775 iudi-

195 825 262 866 care
284 805 408 866 lectores
431 801 600 883 incitavitff)
678 827 680 832 ·

287 893 375 972 Quod
391 893 503 970 duplici
519 914 557 953 ex
572 913 664 954 causa
679 894 799 954 minime
819 893 909 974 longe
933 914 950 952 a
967 913 1037 954 vero
1061 893 1164 954 abesse
1179 892 1311 972 videtur3

196 1004 265 1044 nam
290 995 320 1044 et
342 984 448 1044 mirum
465 995 543 1043 esset
564 992 646 1042 tanto
671 984 810 1062 temporis
833 984 929 1062 spatio
945 983 1149 1062 praeterlapso
1165 985 1312 1044 neminem

195 1094 301 1133 ausum
326 1093 390 1132 esse
407 1071 604 1150 Hermogenis
620 1082 780 1152 praecepta
804 1072 961 1146 rhetorica,
986 1092 1064 1152 quae
1085 1072 1230 1152 paulatim
1254 1073 1314 1132 alia

199 1164 298 1222 omnia
313 1163 378 1222 loco
395 1183 449 1222 suo
465 1161 685 1234 submoverant,
704 1161 741 1220 ad
759 1161 969 1242 explicandum
981 1162 1143 1222 Homerum
1160 1160 1312 1242 adhibere,

196 1272 297 1332 neque
319 1251 479 1311 verisimile
502 1250 622 1311 videtur
645 1251 793 1312 hominem
818 1254 926 1312 aetatis
948 1253 1147 1333 Byzantinus,
1177 1254 1314 1332 quamvis

197 1343 276 1400 inter
299 1341 441 1421 aequales
470 1340 637 1400 eruditione
666 1342 843 1401 eminentem
866 1361 976 1402 novam
1003 1342 1083 1400 viam
1111 1351 1141 1400 et
1168 1343 1313 1401 rationem
1338 1365 1340 1370 ·

199 1432 290 1490 inisse
311 1432 344 1491 in
359 1431 606 1509 interpretatione
623 1432 807 1510 scriptorum,
832 1450 892 1511 quo
908 1432 1025 1490 minime
1041 1450 1153 1508 negare
1167 1432 1200 1488 'in
1216 1432 1313 1490 animo

198 1519 295 1580 habeo
319 1520 402 1579 illum
427 1520 475 1578 hic
503 1519 564 1578 illie
587 1519 702 1598 aliquid
726 1517 763 1579 de
786 1539 839 1580 suo
861 1519 1020 1584 addidisse.
1066 1521 1226 1580 Praeterea
1247 1541 1313 1580 oon·

197 1618 256 1669 stat
278 1611 357 1669 inter
380 1629 481 1671 omnes
504 1607 695 1668 Eustathium
719 1610 750 1668 in
774 1610 991 1668 commentariis
1018 1611 1118 1668 varios
1149 1609 1240 1669 libros
1263 1630 1312 1670 ex·

196 1701 339 1780 carpsisse
363 1707 454 1778 atque
477 1717 571 1756 unum
594 1698 625 1756 in
648 1718 755 1776 corpus
778 1697 940 1776 redegisse.

284 1789 392 1867 Neque
414 1806 486 1845 vero
511 1785 566 1844 hae
588 1785 620 1844 in
643 1807 675 1844 re
700 1787 832 1862 cogimur
856 1790 1046 1866 acquiescere
1069 1789 1101 1845 in
1124 1790 1312 1848 coniecturis.

196 1879 274 1940 Nam
299 1876 452 1936 sollemnis
475 1875 528 1934 illa
551 1874 678 1934 formula
694 1875 723 1934 01
746 1879 880 1948 παλαιοί,
905 1897 965 1956 qua
987 1877 1159 1936 Eustathius
1183 1877 1314 1938 indicare

121 1957 124 1963 Δ
196 1968 272 2028 solet
295 1985 328 2026 se
345 1966 476 2042 priorum
492 1963 657 2023 doctrinam
673 1974 808 2024 secutum
832 1985 909 2040 esse,
935 1967 1023 2025 etiam
1046 1965 1078 2024 in
1101 1967 1143 2024 eis
1168 1986 1313 2026 commen-

197 2057 265 2114 tarii
289 2053 425 2134 partibus
449 2054 586 2126 occurrit,
612 2073 691 2133 quae
714 2065 784 2113 sunt
807 2053 844 2114 de
867 2052 950 2116 ideis.
997 2055 1157 2135 Reperitur
1180 2057 1259 2116 euim

196 2183 223 2240 Α
247 2181 265 2239 3
290 2177 359 2257 (17)
382 2174 538 2256 περιβολή.

197 2272 224 2329 Δ
250 2271 308 2328 117
335 2263 405 2374 (62)
429 2264 562 2342 ἀφέλεια,
588 2263 745 2346 σεμνότης.

197 2351 523 2440 Α17()εὐκρίνεια.

196 2450 308 2508 Β101
335 2446 425 2524 (181)
448 2441 572 2518 κάλλος.

195 2542 225 2597 Β
245 2539 307 2597 335
333 2535 424 2614 (236)
448 2533 605 2612 δριμύτης.

195 2630 216 2685 Ι
236 2628 299 2686 443
324 2621 399 2708 (761
403 2620 417 2708 )
440 2620 565 2696 κάλλος.

195 2721 231 2776 Π
250 2718 289 2778 31
316 2713 430 2794 (1043)
455 2710 603 2790 δεινότης.

198 2808 230 2864 V
250 2805 313 2864 370
338 2802 454 2886 (1211)
478 2799 615 2879 ἀλήθεια.

198 2897 230 2954 Χ
253 2897 292 2954 73
318 2888 433 2976 (1257)
457 2889 616 2970 σεμνότης.

197 3003 216 3042 α
243 2986 257 3042 1
285 2977 399 3063 (1379)
424 2979 587 3059 γλυκύτης,
612 2979 745 3058 ἀφέλεια.
801 2996 804 3002 “

196 3092 210 3132 e
234 3073 274 3132 st
301 3069 415 3155 (1525)
439 3065 572 3146 ἀφέλεια.

285 3213 351 3290 Quo
375 3235 461 3294 spero
477 3236 525 3275 me
548 3217 620 3275 satis
644 3216 840 3296 probaturum
864 3237 928 3278 esse
952 3221 1011 3278 iam
1035 3228 1105 3278 ante
1122 3219 1315 3280 Eustathium

197 3306 422 3364 commentarios
453 3307 633 3381 conscriptos
665 3326 730 3365 esse
763 3326 797 3365 eo
830 3309 966 3380 consilio,
1003 3317 1037 3368 ut
1072 3308 1158 3369 ideae
1188 3309 1314 3369 Hermo·

197 3396 347 3472 genianae
370 3396 402 3454 in
418 3395 540 3454 Homeri
557 3395 738 3454 carminibus
754 3395 979 3474 indagarentur.
1020 3397 1201 3478 Quicunque
1217 3409 1315 3459 autem

196 3483 247 3542 vel
269 3483 426 3563 paululum
449 3503 562 3561 gnarus
585 3493 631 3544 est
654 3486 718 3544 eius
741 3487 877 3570 rationis,
902 3507 963 3567 qua
987 3497 1103 3548 veteres
1126 3489 1315 3568 maximeque

197 3572 377 3633 scholiastae
398 3583 596 3654 auctoresque
611 3575 796 3654 Byzantinae
813 3579 918 3636 aetatis
944 3577 1054 3656 scripta
1077 3597 1133 3636 sua
1156 3578 1317 3656 compilare

197 3662 347 3740 solebant,
379 3682 494 3723 mecum
522 3666 700 3744 consentiet,
732 3666 755 3724 si
786 3685 844 3724 non
873 3686 974 3725 omnes
998 3677 1129 3726 attamen
1153 3667 1316 3746 permultos

196 3752 291 3832 locos,
325 3751 435 3832 quibus
457 3753 633 3812 Eustathius
665 3752 702 3813 de
724 3751 799 3814 ideis
831 3757 904 3832 agit,
929 3756 1042 3816 exilio
1071 3757 1155 3816 fonte
1182 3757 1314 3828 fluxisse,

198 3841 313 3901 etiamsi
343 3842 473 3900 auctoris
502 3863 610 3902 nomen
641 3843 701 3902 alto
732 3844 848 3904 silentio
885 3847 1043 3925 oppressit.
1098 3847 1163 3924 Ego
1195 3844 1316 3926 quidem

197 3949 372 4010 persuasum
397 3930 495 3989 habeo
519 3933 622 4008 ignoto
645 3933 697 3992 illo
721 3933 832 3992 rhetori
862 3935 955 3993 multa
983 3935 1102 3994 illorum
1130 3931 1315 3995 additamen-

198 4030 294 4079 torum
312 4019 424 4093 deberi,
449 4020 558 4100 quibus
575 4021 772 4101 Hermogenis
788 4023 949 4104 praecepta
966 4024 1147 4104 amplificata
1163 4025 1212 4084 vel
1228 4045 1314 4084 accu-

198 4111 291 4170 ratius
315 4109 448 4190 expolita
464 4130 528 4169 esse
543 4113 710 4173 statuimus.
750 4113 795 4172 no
812 4115 907 4191 magis
924 4124 1024 4174 autem
1040 4113 1210 4189 dolendum,
1235 4113 1316 4194 quod

199 4208 334 4277 egestate
356 4201 590 4260 testimoniorum
613 4213 797 4262 servatorum
813 4224 873 4261 non
890 4205 958 4263 licet
974 4206 1141 4266 accuratius
1157 4205 1314 4264 enucleare

289 4391 481 4462 ¹)11,424,ao
501 4408 540 4461 sq.
561 4393 605 4462 Sp.
