3356 5150
811 475 1026 536 -32..

359 658 444 728 solet,
470 677 567 736 pauca
583 655 716 734 praehet,
742 663 820 734 quae
843 675 882 713 ue
904 657 1047 713 rationem
1065 651 1184 732 quidem
1208 653 1320 712 habere
1336 653 1478 713 videntur·

358 746 484 806 rhetoris
508 747 677 805 verborum.
723 743 873 824 Scriptum
897 745 974 804 enim
1003 743 1108 803 estad
1134 747 1165 802 X
1177 745 1239 804 386
1265 741 1392 820 (1275)=
1417 736 1477 821 ὅρα

359 837 392 896 δὲ
415 838 465 894 καλ
488 830 532 906 ὥς
554 831 743 894 ἐκαλλώπισε
759 831 873 915 ῥυθμῷ
888 829 1180 911 τροπαροξυτόνων
1201 830 1316 907 λέξεων
1339 827 1376 892 τὸ
1399 828 1478 893 κατὰ

252 980 255 985 .
358 923 549 1002 Πάτροκλον
579 920 694 984 εἰσιών·
725 935 854 983 κεῖται·
881 918 949 999 γὰρ
980 920 1104 999 νηεσσι
1138 921 1246 993 νέκυς
1277 916 1476 995 ἄκλαυτος,

360 1007 529 1085 ἄθαπτος
551 1011 771 1091 Πάτροκλος
794 1023 823 1070 et
847 1012 886 1069 ad
909 1015 1010 1072 13491
1038 1007 1145 1093 (2602
1170 1013 1398 1088 καλλωπίζουσι
1421 1012 1477 1085 μὲν

358 1098 418 1179 γὰρ
442 1103 566 1180 γοργῶς
588 1105 638 1163 καὶ
661 1099 828 1180 εὐρύθμως
850 1108 916 1162 κτλ.

448 1193 641 1259 Mixta'onem
653 1192 827 1250 Eustathius
844 1187 1101 1264 statuit'ao'ritouq
1124 1199 1154 1248 et
1170 1186 1362 1268 τραχύτητος
1374 1194 1400 1250 Α
1412 1191 1474 1250 249

361 1277 443 1365 (96),
466 1279 601 1353 κάλλους
624 1291 654 1340 et
674 1277 865 1358 γοργότητος
880 1282 980 1341 8491
1000 1279 1101 1360 (261),
1127 1282 1219 1355 γ431
1248 1277 1374 1362 (1475),
1398 1301 1422 1338 rr
1435 1282 1474 1340 31

358 1371 480 1449 (1807),
506 1373 573 1429 aliis
596 1372 677 1442 locis,
703 1368 840 1442 κάλλους
863 1381 891 1428 et
909 1367 1105 1447 σεμνότητος,
1130 1372 1295 1446 σαφηνείας
1309 1379 1364 1428 etc.
1383 1373 1404 1428 I
1413 1371 1474 1430 326

361 1458 462 1540 (771).
510 1461 579 1518 Huc
601 1461 729 1539 pertinet
753 1459 783 1519 id
801 1477 931 1538 quoque,
957 1458 1037 1538 quod
1062 1457 1141 1517 haud
1157 1479 1226 1516 raro
1242 1459 1381 1541 legimus,
1406 1477 1430 1517 e.
1444 1477 1475 1534 g.

358 1551 475 1622 11:338,
504 1553 616 1622 Φ245,
641 1549 872 1629 pulchritudinis
903 1568 967 1608 esse
988 1543 1026 1608 τὸ
1050 1542 1244 1626 σκυθρωπὸν
1266 1549 1394 1607 alicuius
1420 1547 1477 1605 loci

358 1633 469 1716 ἱλαρὸν
490 1635 627 1717 ποιεῖν.1)

443 1721 590 1805 Ἄκαιρον
620 1725 734 1800 κάλλος
764 1729 888 1786 evitavit
911 1728 1059 1787 Homerus
1088 1725 1252 1788 secundum
1276 1725 1474 1800 Hastathium,

358 1816 437 1897 quod
461 1819 531 1876 item
555 1817 682 1878 debetur
706 1817 857 1876 doctrinae
881 1816 919 1876 de
934 1818 1079 1877 mixtione
1096 1827 1187 1896 atque
1213 1834 1271 1876 usu
1291 1815 1476 1875 diversarum

448 1992 469 2061 1)
490 1991 604 2057 Quicum
622 1991 723 2046 mirum
741 1991 899 2046 immodum
922 1989 1062 2046 consentit
1080 1991 1150 2044 Plin.
1177 2007 1218 2059 ep.
1238 1991 1269 2057 8,
1288 1991 1318 2056 ὅ,
1341 1990 1371 2044 6:
1394 1987 1477 2056 ‘quod

360 2068 462 2128 tamen,
482 2063 506 2116 si
526 2063 587 2130 quis
606 2063 757 2126 exstiterit,
777 2063 825 2130 qui
843 2068 925 2130 putet
943 2080 994 2117 uos
1011 2064 1112 2118 laetius
1130 2063 1229 2118 fecisse
1249 2077 1330 2129 quam
1343 2060 1477 2116 orationis

359 2133 496 2189 severitus
510 2136 615 2206 exigat,
627 2136 709 2190 huius
722 2143 754 2190 ut
766 2135 808 2188 ita
821 2135 945 2200 dixerim,
957 2134 1105 2188 tristitiam
1117 2135 1239 2201 reliquae
1252 2144 1346 2202 partes
1360 2132 1477 2187 actionis

358 2222 473 2260 exorare
498 2205 643 2261 debebunt'
663 2209 697 2261 cf.
717 2209 792 2270 433
809 2206 881 2276 ‘aram
906 2206 1086 2261 severitatem
1112 2205 1194 2260 istam
1220 2205 1281 2274 pari
1304 2203 1476 2258 iucunditate

358 2278 469 2332 condire
494 2293 669 2344 summaeque
693 2275 829 2347 gravitati
854 2287 961 2330 tautum
981 2277 1120 2332 comitatis
1145 2277 1295 2346 adiungere
1314 2292 1368 2330 non
1387 2275 1476 2328 minus

357 2349 469 2402 difficile
495 2366 575 2416 quam
595 2365 725 2418 maguum
747 2348 811 2402 ¹est'.
850 2347 1001 2404 Occasione
1026 2349 1092 2403 data
1118 2349 1186 2402 alios
1210 2363 1312 2417 paucos
1337 2349 1411 2402 locos
1426 2362 1477 2415 ,ex-

358 2420 484 2483 scribam,
504 2421 550 2474 ubi
570 2421 683 2476 eandem
702 2420 839 2475 rationem
858 2421 993 2474 interesse
1011 2420 1086 2474 inter
1098 2420 1220 2474 Plinium
1234 2429 1263 2475 et
1274 2420 1477 2488 Hermogenem

358 2492 507 2546 observare
526 2491 622 2560 possis.
660 2495 689 2556 2,
716 2495 760 2556 11,
788 2495 827 2546 17.
864 2491 1029 2560 ‘Respondit
1048 2491 1190 2546 Cornelius
1209 2491 1323 2545 Tacitus
1349 2493 1476 2558 eloquen-

357 2563 464 2616 tissime
484 2568 521 2630 et,
541 2563 613 2630 quod
632 2563 762 2617 eximium
781 2563 901 2617 orationi
920 2567 979 2618 eius
997 2565 1079 2626 inest,
1105 2565 1213 2630 σεμνῶς.
1255 2563 1323 2617 Cum
1339 2564 1362 2626 l,
1376 2565 1418 2628 au,
1432 2564 1475 2615 22.

356 2633 423 2688 ‘Nec
446 2649 525 2701 vero,
552 2651 613 2688 cum
635 2635 703 2688 haec
728 2636 801 2703 druo,
825 2636 904 2688 illum
926 2634 1104 2689 Homericum
1127 2635 1280 2706 ἀμετροεπῆ
1303 2634 1402 2702 probo,
1428 2633 1478 2686 sed

356 2707 428 2759 hunc
456 2710 499 2756 καὶ
527 2707 591 2757 ἔντεα
615 2703 766 2776 νιφάδεσσιν
795 2708 901 2757 ἐοικότα
929 2711 1098 2778 χειμερίῃσιν·
1125 2723 1179 2760 uon
1208 2707 1272 2773 qula
1298 2721 1352 2758 non
1376 2709 1406 2760 ei
1429 2703 1477 2758 ille

357 2778 424 2830 mihi
456 2779 627 2832 validissime
654 2781 764 2845 placeat
786 2779 877 2846 παῦρα
906 2781 970 2844 μὲν,
1010 2777 1078 2830 ἀλλὰ
1106 2776 1180 2844 μάλα
1204 2778 1307 2845 λιγέως·
1331 2776 1355 2832 si
1383 2781 1477 2830 tamen

357 2852 439 2902 detur
470 2850 582 2915 electio,
617 2851 694 2904 rllam
724 2849 878 2904 orationem
913 2850 1030 2904 similem
1060 2849 1171 2904 nivibus
1207 2848 1343 2914 hibernis,
1373 2848 1402 2901 id
1433 2855 1476 2902 est

357 2922 482 2974 crebram
513 2929 542 2974 et
573 2921 716 2975 adsiduam
747 2931 777 2975 et
806 2923 922 2990 largam,
944 2930 1085 2990 postremo
1117 2921 1238 2975 divinam
1269 2925 1298 2975 et
1329 2920 1476 2973 caelestem

356 2991 426 3046 volo²
452 2991 569 3060 optime,
594 2999 675 3060 puto,
701 2993 837 3060 conferas,
859 3009 928 3059 quae
946 2993 1135 3062 Hermogenes
1154 2993 1196 3060 II,
1220 2995 1273 3046 390
1292 2992 1335 3059 Sp.
1356 2989 1424 3044 dicit
1443 2991 1476 3044 de

357 3063 438 3117 Ulixe
457 3063 602 3118 Homerico
622 3061 773 3129 δεινότητος
792 3066 924 3132 exemplo.
962 3064 1151 3132 Perspicuitas
1171 3066 1291 3118 occurrit
1310 3067 1335 3129 7,
1354 3065 1383 3128 9,
1403 3064 1420 3116 8
1437 3061 1476 3116 ‘et

356 3150 469 3202 pressus
493 3151 582 3190 sermo
611 3151 751 3203 purusque
780 3152 813 3190 ex
841 3136 969 3204 epistulis
998 3135 1122 3205 petitur'.
1163 3135 1289 3202 Denique
1317 3140 1385 3203 pato
1405 3134 1429 3199 5,
1449 3134 1474 3198 8,

357 3208 444 3260 9-11
463 3207 552 3261 latere
572 3207 622 3260 suh
641 3209 753 3262 vocibus
770 3207 893 3276 humilia,
913 3208 1065 3276 splendida,
1086 3208 1204 3270 excelsa,
1223 3205 1416 3270 amaritudine,
1434 3205 1475 3258 in-

357 3278 475 3344 stantia,
503 3278 645 3333 suavitate
669 3278 826 3346 dulcedine,
856 3281 897 3347 vi,
921 3284 1030 3333 tractus
1056 3279 1161 3333 Graeca
1186 3277 1285 3332 rerba:
1311 3281 1475 3333 runcinatur,

356 3347 524 3420 λαμπρότης,
543 3348 687 3421 περιβολή,
706 3351 850 3420 τραχύτης,
869 3348 1028 3422 σφοδρότης,
1046 3348 1189 3419 γλυκύτης,
1213 3347 1323 3407 κάλλος,
1349 3345 1475 3412 δεινότης,

356 3423 491 3487 σεμνότης.
530 3422 684 3476 Discrimen
702 3423 753 3477 hoe
771 3424 831 3476 loco
856 3423 959 3476 factum
984 3422 1059 3476 iuter
1081 3421 1213 3476 narrandi
1237 3420 1397 3474 methodum
1421 3419 1475 3472 his·

356 3494 446 3550 toriae
466 3506 495 3548 et
514 3493 690 3560 eloquentiae
713 3494 843 3550 similiter
862 3495 899 3548 ab
919 3495 1095 3562 Hermogene
1122 3493 1257 3548 statuitur
1281 3491 1356 3546 iuter
1380 3490 1476 3560 poesin

357 3573 387 3619 et
406 3565 550 3618 historiam
569 3566 610 3628 H,
630 3565 696 3631 408,
716 3568 732 3618 9
752 3566 796 3634 Sp.
835 3566 892 3631 Quo
912 3581 1014 3619 uorum
1038 3569 1232 3634 argumentum
1257 3563 1385 3618 attulisse
1408 3562 1475 3615 mihi

356 3638 451 3689 videor
475 3652 522 3690 eos
546 3644 623 3690 recte
647 3637 763 3702 sentire,
789 3637 835 3702 qui
861 3637 1030 3690 contendunt
1052 3651 1140 3702 neque
1161 3637 1362 3704 Hermogenem
1385 3647 1474 3699 neque

356 3707 508 3761 Aristidem
526 3708 628 3777 primos
648 3708 681 3761 de
700 3709 770 3762 ideis
790 3707 882 3776 egisse
901 3709 949 3762 sed
967 3719 1088 3776 systema
1106 3711 1216 3761 tautum
1230 3705 1416 3762 construxisse
1430 3704 1475 3758 ob·

357 3778 559 3834 servatiouibus
584 3782 707 3848 priorum
735 3785 861 3846 utentes,
889 3779 944 3832 uisi
970 3779 1039 3833 loeis
1061 3778 1188 3846 Dionysii
1212 3777 1475 3842 Halicarnasseusis‚

356 3850 530 3919 Aristotelis,
560 3854 686 3905 aliorum.
732 3851 790 3916 Qua
816 3852 849 3904 de
875 3851 1038 3917 quaestione
1063 3850 1226 3904 difficillima
1251 3853 1285 3904 ct'.
1310 3850 1475 3914 Volkmann,

356 3921 507 3977 Rhetorik²
526 3927 577 3976 553
597 3935 625 3976 et
644 3923 717 3991 apud
730 3923 854 3976 Iwanum
867 3923 977 3984 Miiller,
996 3921 1149 3975 Haudhuch
1169 3923 1193 3975 d.
1212 3923 1295 3976 hlass.
1309 3920 1475 3974 Altertams·

357 3994 551 4048 wissenschalt
563 3995 614 4060 111,
634 3997 695 4055 673,
714 3994 845 4062 Josepuy,
866 3994 914 4047 der
933 3994 1104 4048 oratorische
1118 3994 1253 4048 Numerus
1273 3991 1318 4047 bei
1336 3991 1475 4045 Isocrates

356 4067 413 4119 und
430 4066 638 4133 Demosthenes,
658 4068 740 4132 1886,
760 4081 786 4132 p.
806 4069 832 4123 5,
850 4065 928 4119 Liers
947 4066 972 4119 J.
993 4065 1018 4119 J.
1040 4066 1120 4132 1885,
1140 4067 1204 4131 577,
1224 4064 1334 4128 Thiale,
1360 4063 1475 4116 Herma·

356 4152 439 4205 goras
461 4139 537 4203 1893,
561 4140 618 4191 142.
656 4136 751 4204 Neque
771 4137 852 4204 plane
871 4136 1054 4204 spernendum
1074 4153 1134 4190 esse
1152 4142 1220 4205 puto
1237 4136 1327 4189 locum
1341 4135 1373 4188 D.
1387 4134 1421 4187 H.
1442 4134 1475 4186 de

357 4225 443 4278 comp.
464 4209 538 4262 verb.
560 4210 608 4264 19:
627 4208 710 4278 γοργὰ
730 4210 850 4274 σχήματα
870 4223 930 4262 esse
949 4207 1052 4276 figuras
1071 4209 1220 4274 modosque
1239 4206 1355 4270 dicendi,
1376 4205 1475 4272 quihus

357 4282 447 4334 oratio
466 4282 613 4335 vehemens
633 4285 663 4334 et
681 4280 773 4335 vivida
791 4280 933 4345 reddatur,
958 4280 1055 4346 quibus
1075 4284 1251 4349 opponuntur
1271 4277 1305 4327 τὰ
1330 4275 1413 4327 ὕπτια
1432 4279 1475 4326 καὶ

355 4350 493 4420 ἀνειμένα,
518 4351 628 4406 collatis
651 4351 836 4420 Hermogenis
858 4351 950 4406 rerhis
970 4350 1013 4418 Il,
1033 4354 1097 4420 343,
1122 4353 1156 4404 10
1176 4349 1234 4418 Sp:
1259 4349 1401 4419 γοργότητι
1423 4347 1476 4420 γιέρ

356 4423 482 4476 ἐναντίον
501 4423 534 4474 τὸ
553 4422 696 4491 ἀνειμένον
716 4427 759 4473 καὶ
778 4422 882 4474 ὕπτιον.
