3390 5140
780 443 1000 502 ..94-

331 624 433 701 minis,
466 621 589 682 Graecis
620 623 699 680 inter
726 621 870 680 maximus
901 619 1006 680 habite
1036 620 1163 680 virtutes
1194 617 1279 678 nobis
1302 619 1354 678 vix
1389 627 1460 698 per·

331 711 489 776 mittitur“.
534 711 642 790 Neque
665 708 796 770 dubitari
820 718 929 789 potest,
962 709 1035 789 quin
1066 709 1160 768 altere
1189 709 1243 768 ille
1271 708 1460 788 significatio

331 803 474 883 primarie
496 801 600 874 fuerit,
634 799 713 879 quod
745 809 775 860 et
805 809 931 879 apparet
959 819 998 858 ex
1019 800 1085 878 ipse
1107 798 1192 858 verbi
1215 798 1400 878 etymologia
1427 805 1461 856 et

332 911 371 952 ex
394 911 439 972 eo,
464 889 544 971 quod
567 889 721 950 Aristoteli
745 908 859 962 sensus,
884 891 936 968 qui
959 888 1044 947 uobis
1067 889 1218 948 sollemnis
1242 898 1300 971 est,
1330 907 1460 967 prorsus

332 982 390 1040 fuit
404 982 536 1057 ignotus,
555 978 635 1059 quod
652 978 789 1039 omnibus
805 979 878 1037 locis
894 977 1121 1050 demonstretur,
1137 977 1191 1037 ubi
1207 987 1315 1052 exstet,
1340 975 1460 1058 quibus

331 1091 449 1150 semper
480 1067 639 1129 adhibetur
667 1067 704 1128 de
731 1068 817 1128 novis
845 1067 969 1128 vocibus
1000 1066 1157 1146 fingendis.
1205 1066 1265 1143 Qui
1297 1077 1367 1127 sunt
1393 1066 1459 1129 etb.

333 1160 400 1221 Nic.
425 1159 466 1232 II,
496 1161 522 1238 7,
550 1161 670 1231 1108a,
699 1161 752 1218 16:
785 1154 845 1218 ἔστι
875 1157 933 1230 μέν
963 1150 1104 1218 οὖνκαὶ
1134 1155 1260 1219 τούτων
1290 1152 1328 1217 τὰ
1355 1160 1459 1218 πλείω

332 1244 493 1322 ἀνώνυμα,
518 1247 680 1326 πειρατέον
704 1241 742 1319 δ’,
768 1240 871 1324 ὥσπερ
895 1249 945 1307 καί
968 1245 1015 1307 ἐπὶ
1039 1251 1105 1308 τῶν
1125 1240 1232 1309 ἄλλων
1248 1241 1363 1318 αὐτοὺς
1380 1240 1459 1313 ὀνο-

332 1349 515 1411 ματοποιεῖν
539 1340 706 1414 σαφηνείας
728 1330 819 1398 ἕνεκα
834 1339 885 1396 καί
908 1340 967 1397 τοῦ
987 1331 1319 1415 εὐπαρακολουθήτου.
1344 1346 1410 1417 top.
1430 1337 1458 1410 I,

336 1432 408 1502 104,
432 1429 452 1487 b
459 1476 467 1507 ‚
501 1431 556 1490 36:
599 1421 638 1487 οὐ
677 1420 736 1504 γὰρ
776 1421 1040 1504 ὀνοματοποιῆσαι
1074 1422 1262 1500 βουλόμενοι
1298 1428 1459 1500 διείλομεν

334 1511 437 1589 οὕτως
459 1513 548 1577 αὐτὰ.
594 1525 651 1578 eet.
678 1521 733 1589 le,
768 1520 801 1580 5:
826 1513 924 1576 ἐνίοτε
956 1517 989 1577 δέ
1019 1518 1070 1577 καί
1102 1510 1345 1588 ὀνοματοποιεῖν
1378 1515 1460 1589 ἴσως

334 1602 516 1684 ἀναγκαῖον,
540 1601 595 1666 ἐὰν
617 1600 659 1683 μὴ
681 1608 823 1678 κείμενον
846 1599 865 1682 ᾗ
889 1599 999 1678 ὄνομα,
1023 1600 1103 1683 πρὸς
1126 1601 1144 1665 ὃ
1168 1608 1287 1678 οίκείως
1311 1598 1350 1667 ἂν
1376 1601 1460 1667 ἀπο-

333 1698 449 1774 δοθείη.
497 1705 553 1758 oet.
575 1694 630 1778 lb,
659 1699 713 1757 11:
738 1689 797 1756 κᾶν
819 1695 876 1768 μέν
900 1689 1001 1768 ὄνομα
1024 1689 1042 1772 ἦ
1065 1699 1206 1770 κείμενον
1224 1693 1316 1776 ῥᾳδία
1339 1691 1460 1772 ηάπό-

333 1787 419 1860 ὀοσις
453 1790 576 1862 γίνεται,
612 1779 654 1862 μὴ
690 1778 782 1856 ὄντος
814 1784 846 1844 δέ
881 1778 1052 1860 ἀναγκαῖον
1087 1784 1162 1860 ἴσως
1196 1780 1458 1859 ὀνοματοποιεῖν.

333 1884 383 1956 top
409 1879 438 1948 8,
466 1877 565 1948 157ιι,
591 1876 647 1934 29:
680 1869 729 1935 <lto
752 1873 952 1951 πειρατητέον
983 1873 1030 1935 ἐπὶ
1054 1872 1183 1935 πάντων
1206 1875 1272 1936 τῶν
1295 1874 1460 1936 τοιούτων

332 1959 575 2039 ὀνοματοποιεῖν
598 1958 705 2037 αὐτὸν,
731 1957 819 2035 ὅπως
840 1960 915 2040 μήτε
939 1964 983 2045 τῴ
1006 1961 1243 2046 ἀποκρινομένῳ
1267 1963 1319 2042 ἐξῇ
1338 1961 1457 2041 ἀμφισ·

334 2058 442 2132 βητεῖν
464 2051 561 2135 eslf)
608 2055 689 2130 Ergo
720 2053 834 2112 scholia
864 2073 926 2112 non
955 2053 1088 2132 pendent
1115 2075 1154 2113 ex
1177 2055 1347 2117 Aristotele.
1398 2055 1458 2116 Oui

333 2145 499 2205 sententiae
520 2143 662 2204 fulcimen
678 2141 797 2202 additur
813 2161 858 2224 eo,
883 2141 963 2222 quod
979 2145 1164 2219 grammatici
1181 2144 1381 2203 Alexandrini
1398 2164 1456 2224 pro

334 2253 370 2293 eo
404 2232 485 2314 quod
509 2253 563 2292 nos
586 2232 712 2292 dicimus
744 2225 971 2303 ὀνοματοποιία
1002 2231 1182 2292 adhiberunt
1212 2233 1295 2308 λέξιν
1324 2254 1456 2311 πεποιη-

332 2322 445 2401 μένην,·
469 2323 504 2384 of.
528 2323 650 2398 Dionys.
674 2321 784 2383 Three.
809 2341 838 2399 p.
863 2323 903 2381 42
930 2316 1008 2404 (U.):
1037 2322 1247 2398 πεποιημένον
1270 2323 1303 2384 δέ
1326 2322 1391 2384 ἐστι
1416 2318 1456 2384 τὸ

334 2409 419 2490 παρὰ
442 2407 496 2482 τὰς
519 2415 585 2470 τῶν
604 2404 692 2487 η’χων
709 2405 864 2486 ἰδιότητας
877 2415 1048 2486 μιμητικῶς
1063 2411 1232 2489 εἰρημένον,
1258 2410 1327 2473 οἷον
1343 2418 1455 2488 φλοῖσ-

332 2505 398 2574 βος,
423 2498 536 2578 ῥοῖζος,
561 2496 749 2576 ὀρυμαγδός,
775 2519 812 2559 ex
829 2519 888 2580 quo
905 2500 969 2560 loco
985 2500 1039 2560 lux
1059 2501 1181 2560 effertur
1198 2503 1286 2562 Arist.
1304 2503 1377 2563 rhet.
1396 2503 1454 2574 111,

336 2595 386 2669 11,
413 2592 533 2663 lma,
560 2590 619 2649 27:
644 2583 711 2648 ἀλλ’
729 2582 832 2667 ὥσπερ
849 2589 879 2649 οἱ
899 2587 932 2650 ἐν
948 2601 1016 2663 τοῖς
1031 2593 1162 2665 γελοίοις
1177 2585 1216 2650 τὰ
1239 2611 1455 2670 παροπεποιη-

335 2678 422 2752 μένα,
446 2678 499 2738 ubi
525 2679 587 2738 fere
609 2677 686 2738 idem
711 2689 756 2738 est
779 2689 870 2759 etque
893 2679 1131 2760 eunominotio.2)

420 2764 645 2845 παραγραφή
677 2767 839 2828 secuudum
873 2770 1061 2828 Eustathium
1085 2773 1165 2830 Aeo
1190 2768 1282 2852 (107)
1315 2779 1370 2844 est,
1404 2760 1455 2832 ὅτι

333 2855 615 2936 σομπληρώσαντες
636 2855 673 2916 τὰ
688 2855 854 2932 φθάσαντα
869 2855 918 2919 ἐπὶ
933 2855 1042 2937 έτέραν
1059 2854 1198 2936 διήγησιν
1213 2863 1452 2935 μεταβαίνομεν,

332 2957 367 3008 ut
388 2947 422 3006 fit
445 2967 470 3008 e.
488 2969 517 3025 g.
541 2947 609 3006 telis
633 2947 769 3007 oolleotio
792 2967 891 3007 rerum
915 2949 1001 3008 modo
1025 2959 1211 3008 narratarum
1235 2954 1270 3009 Π
1293 2955 1307 3012 l

537 3065 581 3144 ὥς
604 3070 633 3130 ol
656 3071 713 3143 μέν
734 3075 803 3151 περί
826 3069 901 3150 νηὸς
923 3072 1101 3146 έοσσελμοίο
1124 3070 1267 3149 μάχοντο

536 3157 720 3239 Πάτροκλος
744 3156 770 3222 (l‘
796 3156 911 3240 Ἀχιλῆι
934 3167 1116 3242 παρίστατο.

333 3286 441 3366 Neque
475 3286 614 3346 omittunt
645 3286 758 3345 scholia
789 3286 827 3346 ed
857 3297 1019 3370 utrumque
1051 3289 1148 3348 locum
1179 3288 1264 3348 modo
1295 3288 1453 3350 laudatum

333 3373 544 3454 παραγραφὴν
580 3373 735 3439 adnotare.
796 3375 908 3436 Contra
938 3378 1092 3436 Aristoteli
1122 3377 1312 3457 παραγραφή
1343 3379 1454 3438 dicitur

332 3476 403 3524 nota
437 3465 600 3547 quaedem,
644 3486 706 3547 que
743 3466 810 3526 linis
845 3469 1011 3526 sententiae
1045 3466 1196 3527 indicatur
1230 3469 1304 3532 rhet.
1329 3469 1374 3542 Π,
1420 3473 1450 3550 8,

309 3572 311 3576 ’
335 3555 416 3615 1409
428 3574 455 3627 a,
483 3558 532 3615 19.

422 3647 598 3704 ποικιλία.
631 3643 697 3704 Hac
726 3665 811 3719 voce,
842 3654 877 3704 ut
907 3654 987 3704 reete
1015 3645 1087 3705 dicit
1110 3646 1265 3731 Wolter,³)
1295 3667 1451 3728 nunquam

333 3731 416 3813 apud
439 3734 628 3794 Aristotelem
660 3735 754 3796 virtus
785 3735 926 3797 orationis
955 3735 1150 3813 significetur,
1182 3757 1250 3796 nam
1281 3738 1369 3798 unieo
1399 3737 1451 3797 illo

425 3888 445 3961 ¹)
464 3889 624 3961 Vestigium
636 3890 713 3946 illius
725 3906 792 3947 usus
805 3897 947 3948 servotum
965 3893 994 3947 iu
1007 3892 1062 3946 AT
1082 3893 1117 3947 ed
1135 3894 1232 3961 13212,
1251 3892 1299 3948 ubi
1318 3894 1351 3949 de
1364 3893 1450 3950 Ther·

331 3959 547 4085 ῗὲξὲῗικόιὶοιιιίιιθ
576 3962 680 4018 dieitur
712 3963 983 4031 ὠνοματοπεποίηται
1017 3963 1050 4014 τὸ
1084 3963 1171 4032 ὄνομα
1198 3964 1272 4036 παραὶ
1296 3964 1329 4016 τὸ
1352 3965 1451 4037 &equos

423 4105 445 4176 ²)
463 4110 529 4174 poet
547 4107 590 4173 21,
611 4106 710 4174 1457b,
729 4109 775 4162 33:
796 4111 977 4175 πεποιημένον
990 4105 1012 4160 δ’
1027 4109 1098 4160 ἐστὶν
1117 4107 1132 4160 ὃ
1151 4106 1216 4164 ὅλως
1227 4108 1264 4177 μὴ
1282 4108 1451 4178 καλούμενον

332 4175 387 4230 ὑπὸ
399 4178 484 4228 τινῶν
496 4176 579 4232 αὐτὸς
602 4178 711 4230 τίθεται
731 4178 745 4231 ὁ
763 4180 880 4246 ποιητής,
899 4177 973 4232 δοκεῖ
982 4179 1032 4252 γὰρ
1046 4181 1104 4232 ivea
1117 4179 1187 4233 εἶναι
1200 4183 1322 4240 τοιαῦτα,
1343 4181 1402 4234 οἷον
1414 4179 1450 4234 τοὶ

333 4252 434 4322 κέρατα
447 4249 459 4300 έ
503 4249 558 4318 'yae
567 4253 611 4300 καί
619 4248 670 4302 τὸν
679 4252 751 4322 ἱερέα
761 4250 888 4324 ἀρητῆρα,
901 4255 1083 4319 πεποιημένον
1093 4266 1137 4309 oet
1145 4269 1199 4310 vox
1208 4269 1279 4309 novo
1288 4254 1368 4308 modo
1377 4255 1449 4309 fieta,

333 4269 569 4448 telesifflpf}
574 4323 640 4447 5931:
658 4339 686 4378 π.
706 4323 745 4378 ist
763 4325 803 4379 els
822 4324 953 4380 lobender
972 4323 1117 4380 Terminus
1137 4325 1186 4382 der
1203 4325 1280 4381 Rede
1299 4325 1361 4382 dem
1373 4325 1449 4383 Aris·

421 4409 435 4449 Β
491 4409 505 4447 0
571 4409 612 4448 em
634 4436 639 4450 .
