3390 5140
769 458 1007 516 -106-

330 639 382 698 καί
404 632 540 698 διάνοια·
565 633 614 696 διὸ
638 631 826 712 ἀμφοτέρων
849 629 983 713 εὔλογον
1005 635 1108 696 αἰτίαν
1130 632 1271 710 ἐχόντων
1292 632 1447 710 ἐείοκεψις

330 727 381 787 καί
403 721 484 802 πρὸς
506 720 614 801 ὀλίγον
637 723 788 801 ἐπίσχεσις
810 728 924 800 γίνεται
946 724 1006 786 τοῦ
1027 721 1206 799 πολέμου.1)

419 816 504 875 Haec
527 816 564 874 de
586 815 723 875 statibus.
771 813 857 890 Quae
872 816 968 894 petita
984 834 1048 874 esse
1064 835 1103 874 ex
1118 813 1246 893 Telephi
1263 813 1340 874 libro
1355 831 1447 894 supra

330 904 463 977 laudato,
487 906 519 964 in
543 924 602 985 quo
618 903 655 963 de
671 904 800 964 statibus
817 903 897 983 apud
912 904 1075 964 Homerum
1098 905 1202 983 egit,²)
1225 903 1314 964 facile
1334 904 1444 982 aliquis

331 993 524 1056 contenderit.
570 993 666 1069 Quam
690 992 729 1053 ad
757 995 956 1052 coniecturam
984 992 1166 1054 fulciendam
1197 992 1289 1052 addat
1319 991 1446 1054 eundem

331 1083 500 1162 Telephum
524 1082 590 1143 aliis
613 1084 686 1142 locis
708 1084 740 1143 in
767 1082 886 1142 scholiis
916 1102 983 1142 esse
1011 1077 1317 1166 commemoratum,³)
1347 1102 1447 1161 neque

332 1192 400 1233 eum
423 1172 469 1232 his
492 1182 609 1234 tantum
631 1173 704 1232 locis
726 1192 746 1230 a
764 1171 930 1232 scholiastis
953 1183 1129 1251 excerptum
1152 1191 1216 1232 esee
1239 1173 1268 1232 ei
1284 1170 1447 1232 conceden-

331 1260 402 1322 dum
434 1282 514 1341 esse,
556 1264 608 1342 qni
642 1261 692 1321 vel
726 1260 911 1322 mediocriter
944 1263 1089 1340 rationem
1123 1261 1347 1322 scholiastarum
1382 1281 1447 1340 per-

332 1352 472 1430 spexerit.
517 1353 660 1412 Attamen
681 1370 729 1410 res
751 1360 812 1410 tam
828 1353 942 1412 incerta
964 1362 994 1412 et
1016 1351 1132 1412 lubrica
1152 1361 1205 1424 eat,
1229 1360 1263 1412 ut
1278 1348 1317 1412 de
1331 1350 1448 1428 origine

330 1441 449 1501 illorum
472 1440 649 1500 scholiorum
673 1440 747 1499 nihil
770 1449 902 1500 statuere
924 1439 1061 1501 audeam.

419 1531 483 1590 Iam
508 1528 659 1607 agendum
689 1539 767 1589 esset
790 1528 827 1590 de
850 1530 972 1615 officiis
994 1528 1140 1601 oratoris,
1168 1530 1226 1590 nisi
1250 1548 1356 1609 parurn
1379 1548 1447 1588 cou-

331 1629 435 1692 staret,
460 1618 532 1699 quid
556 1617 594 1678 de
617 1620 663 1679 his
685 1620 771 1678 stoici
793 1621 866 1678 nori
881 1620 1074 1692 invenissent,
1100 1618 1172 1699 quid
1196 1617 1235 1678 ab
1258 1618 1325 1678 aliis
1349 1638 1447 1697 sump-

331 1710 445 1770 sissent.
480 1708 615 1768 Eandem
638 1708 824 1781 divisionem,
849 1729 939 1789 quam
955 1711 1014 1768 iam
1030 1709 1256 1784 Theophrastus
1271 1704 1446 1786 adhibuit,⁴)

331 1797 461 1878 amplexi
483 1809 554 1858 snut
576 1809 651 1858 teste
673 1799 810 1876 Diogene
832 1795 996 1879 Laertio.⁶)

418 1887 546 1968 Propria
575 1907 676 1948 eorum
707 1888 798 1947 fuisse
821 1887 940 1948 videtur
970 1888 1149 1965 significatio
1180 1888 1361 1960 οἰκονομίας
1394 1907 1447 1966 pre

330 1976 535 2057 dispositione3
568 1979 657 2038 immo
688 1976 837 2057 duplicem
861 1977 1061 2038 distinxerunt
1092 1976 1328 2057 dispositionem,
1360 1972 1449 2052 τάξιν

331 2080 362 2125 et
385 2063 609 2148 οἰκονομίανθ)
658 2067 807 2147 Sulpicius
831 2067 935 2127 Victor
958 2069 1035 2128 enim
1059 2064 1179 2145 deecit)
1211 2064 1308 2128 ordini
1328 2065 1448 2126 adiunc-

331 2166 390 2216 tam
413 2177 479 2216 esse
503 2159 695 2229 οἰκονομίαν,
727 2177 806 2236 quae
835 2156 893 2215 hoc
924 2154 1012 2216 distet
1042 2177 1061 2215 a
1091 2156 1254 2236 superiore,
1286 2154 1365 2235 quod
1396 2156 1449 2216 ille

331 2245 451 2326 quidem
480 2245 551 2305 ordo
576 2245 731 2318 naturalis,
763 2245 812 2304 hic
834 2245 905 2305 ordo
933 2246 1108 2306 artificiosus
1131 2248 1180 2307 sit.
1227 2243 1307 2306 Ordo
1330 2254 1384 2316 est,
1415 2257 1450 2305 ut

330 2337 394 2396 eius
417 2344 486 2394 uter
509 2335 620 2411 verbis,
652 2344 687 2393 ut
709 2332 871 2394 secundum
903 2343 1018 2395 textum
1042 2336 1208 2395 naturalem
1240 2335 1361 2412 singula
1383 2355 1448 2414 per·

330 2444 500 2504 sequamur,
532 2425 660 2502 primum
692 2423 881 2502 inpartibus
905 2425 1087 2498 elocutionis,
1120 2435 1154 2484 ut
1186 2425 1225 2483 sit
1254 2425 1368 2485 scilicet
1389 2425 1448 2504 pri-

330 2533 410 2572 mum
427 2510 591 2587 exordium,
616 2521 679 2572 tum
696 2513 838 2592 narratio,
863 2522 926 2572 tum
941 2522 1042 2593 partes
1059 2515 1338 2592 argumentationis,
1362 2534 1448 2595 pero·

330 2603 405 2661 ratio
437 2599 556 2662 demum
588 2610 730 2663 extrema.
777 2603 963 2663 Artificiosus
996 2602 1068 2663 ordo
1099 2613 1153 2677 est,
1185 2613 1219 2663 ut
1247 2603 1328 2664 huuc
1350 2605 1448 2684 ipsum

331 2689 463 2750 ordinem
496 2691 520 2751 si
547 2693 590 2750 ita
621 2711 711 2752 causa
741 2693 852 2772 poscit,
892 2693 1069 2775 plerumque
1086 2703 1262 2768 ¹vertamus,
1295 2713 1363 2754 nam
1395 2692 1449 2752 ali·

331 2780 451 2860 qnando
483 2780 646 2840 omittenda
676 2782 833 2861 principia,
862 2782 1024 2862 aliquando
1054 2780 1275 2843 subdivideuda
1306 2791 1337 2841 et
1358 2784 1448 2842 inter·

330 2869 496 2950 rumpenda
519 2872 660 2946 narratio,
689 2891 728 2932 ex
755 2881 841 2950 parte
864 2870 1003 2951 ponenda
1026 2881 1056 2933 et
1085 2873 1261 2952 imperfecta
1290 2891 1448 2950 argumen-

332 3013 396 3020 -....
401 3015 418 3020 -.
424 3015 430 3020 .
461 3015 544 3020 --.---

421 3081 441 3150 ¹)
462 3080 523 3134 Alio
537 3095 619 3135 seusu
633 3085 810 3150 opponuntur
822 3082 905 3153 ῥητόν
918 3088 946 3136 et
960 3079 1064 3134 διάνοια
1079 3083 1176 3137 ΩῚὸθῑ
1190 3082 1221 3134 οὐ
1239 3080 1306 3152 πρὸς
1315 3081 1349 3132 τὸ
1367 3081 1450 3154 ῥητὸν

331 3151 480 3217 ὑπήντησεν
498 3149 567 3202 attici
585 3151 651 3223 πρὸς
669 3152 719 3218 τὴν
737 3149 868 3212 διάνοιαν,
888 3152 982 3225 οὐγὰρ
995 3153 1053 3206 εἰπε
1071 3153 1104 3205 τὸ
1123 3159 1176 3206 καὶ
1195 3152 1371 3218 τεθνηκώς
1388 3155 1449 3205 πά-

331 3220 384 3274 λιν
403 3221 514 3278 αὐτοῖς
532 3221 625 3292 φίλος
643 3222 673 3274 εἰ
692 3227 742 3291 (εἴη
756 3223 825 3292 eod.)
838 3226 868 3279 T.
907 3226 1037 3281 iubemur
1056 3226 1128 3281 enim
1147 3230 1190 3276 καὶ
1209 3224 1349 3290 τεθνηκώς
1367 3223 1450 3278 πάλιν

332 3294 423 3349 αὐτοις
441 3291 515 3362 φίίος
526 3293 551 3344 εί
569 3297 706 3364 supplere,
726 3312 786 3350 cnm
799 3295 913 3351 Hecuba
926 3313 960 3352 ex
973 3314 1013 3363 ec,
1034 3298 1106 3365 quod
1127 3299 1171 3351 dei
1183 3298 1332 3352 Hectorem
1351 3304 1450 3351 curant

331 3371 471 3420 mortuum
485 3382 601 3434 quoque,
615 3367 745 3436 colligere
758 3378 886 3435 nequeat,
908 3369 970 3422 dum
983 3369 1055 3423 vixit
1067 3369 1142 3424 illum
1157 3368 1215 3423 deis
1228 3378 1340 3437 gratum
1354 3368 1449 3436 fuisse,

332 3453 402 3504 quae
426 3437 544 3507 legimus
564 3455 645 3492 versu
664 3439 860 3506 praecedente:
879 3438 896 3506 ἦ
918 3443 971 3506 μέν
988 3460 1034 3508 μοι
1052 3441 1119 3502 ζωός
1144 3457 1177 3491 πε
1213 3439 1266 3490 ἰών
1284 3438 1358 3508 φίλος
1376 3438 1449 3506 ἦσθα

331 3508 443 3563 θεοῖσιν.
490 3508 586 3577 Neque
609 3510 645 3564 ad
669 3511 700 3561 K
709 3512 761 3564 214
779 3511 813 3570 Pa
840 3512 874 3566 de
899 3512 1019 3567 statibus
1042 3513 1149 3581 agitur:
1178 3460 1304 3564 άνταάθα
1327 3513 1450 3564 ἐκκόπτει
1472 3535 1482 3544 -

331 3593 387 3635 τοῖς
406 3595 539 3650 σοφισταῖς
558 3581 626 3631 κατά
645 3581 727 3654 ῥητὸν
746 3586 790 3632 καὶ
803 3579 925 3634 διάνοιαν
944 3584 1064 3652 ζήτημα·
1083 3584 1210 3649 ζητήσεως
1222 3582 1273 3654 γάρ
1291 3581 1376 3642 ἄξιον,
1397 3586 1449 3634 εἴτε

331 3649 394 3706 τοίς
411 3650 526 3718 βασιλεῖς
544 3653 632 3720 μόνον
651 3656 757 3718 οἰητέον
776 3653 896 3724 άρίσιοας
914 3657 970 3705 εἴτε
989 3654 1037 3706 σάν
1056 3655 1146 3710 αὐτοῖς
1169 3659 1212 3706 καὶ
1235 3653 1297 3710 τούς
1319 3653 1450 3722 ἡγεμίνας

332 3726 375 3773 καὶ
393 3720 534 3790 μέδοντας.
566 3724 669 3793 Agitur
688 3725 758 3780 enim
773 3726 806 3780 de
819 3726 949 3795 ambigua
962 3726 1073 3781 notione
1087 3727 1164 3782 vocis
1177 3725 1289 3798 ἄριστος.
1321 3725 1449 3780 Ceterum

332 3794 378 3849 iile
398 3795 474 3850 locus
493 3813 528 3852 ex
545 3796 693 3851 Eustathio
711 3813 737 3866 p.
757 3799 810 3851 799
828 3797 985 3866 descriptus
1003 3803 1054 3854 est.

422 3885 444 3954 ⁹)
464 3885 498 3940 ri.
518 3903 543 3955 p.
563 3888 598 3940 99
618 3901 677 3953 sqq.
714 3885 825 3940 Indoles
844 3886 919 3940 iilius
943 3885 1007 3941 libri
1029 3887 1149 3942 fortasse
1173 3888 1267 3942 eadem
1286 3891 1450 3955 arctatque

331 3955 486 4026 hngraphii
503 3957 694 4013 commentarii
712 3957 741 4012 in
760 3957 928 4012 Terentium.

422 4044 443 4111 8)
462 4045 497 4100 ad
516 4048 546 4098 A
557 4048 617 4112 132,
637 4048 668 4097 K
677 4047 720 4113 53,
740 4047 770 4096 K
780 4047 840 4111 545,
861 4048 956 4114 0658,
975 4049 1071 4104 Este.

421 4133 443 4204 ⁴)
463 4134 497 4192 ci.
517 4136 550 4191 D.
570 4136 599 4190 L.
619 4136 653 4202 V,
672 4135 716 4203 ts,
734 4151 813 4190 cnon.
833 4135 882 4204 VI,
901 4138 935 4192 35
955 4137 1000 4192 W.

423 4223 445 4293 ⁶)
464 4223 497 4280 D.
516 4223 547 4279 L.
567 4223 630 4293 VlI,
649 4227 696 4280 43:
715 4222 820 4296 εὕρεσις,
839 4225 939 4297 φράσις,
957 4225 1039 4289 τάξις,
1057 4225 1199 4300 ὑπόκρισις.

422 4312 444 4382 ⁶)
464 4313 496 4369 cf.
517 4312 622 4380 Thiale,
641 4315 659 4370 l.
672 4317 690 4370 l.
711 4315 771 4369 144

424 4403 446 4474 ⁷)
463 4419 489 4472 p.
509 4403 562 4459 ³90
579 4403 624 4473 H,
643 4404 677 4462 cf.
696 4403 935 4472 Fortunatiannm,
953 4421 979 4476 p.
1000 4407 1060 4488 15οΚ
1069 4405 1104 4462 Η.
