3390 5140
808 461 1028 519 -53..

361 649 498 713 aetatem,
512 639 653 711 indolem,
668 637 815 716 originem
828 638 1105 697 commentariorum
1117 635 1234 696 illorum
1244 634 1475 716 deperditorum,

360 751 398 790 ex
422 729 531 810 quibus
555 729 731 788 Eustochiae
755 725 876 808 pendet.
1359 745 1363 753 ·

450 818 509 878 Sed
540 818 649 878 dixerit
679 819 828 898 quispiam
860 817 972 875 fontem
1003 815 1087 875 illum
1115 813 1264 874 Euslathii
1294 815 1388 874 latere
1421 813 1477 874 sub

360 907 528 980 scholiis,
554 927 631 988 quae
655 906 693 966 ed
709 908 873 967 Homerum
890 914 1010 965 servata
1025 914 1104 979 sunt,
1129 904 1293 984 exquibus
1317 904 1402 964 illum
1418 914 1477 963 tam

360 998 454 1057 multa
476 999 509 1057 in
531 1017 616 1057 suum
640 1017 725 1056 usum
750 997 930 1056 convertisse
954 995 1065 1054 nomini
1088 995 1224 1070 ignotum
1246 1004 1299 1058 est.
1346 993 1477 1073 Conqui-

361 1107 461 1146 ramus
477 1088 569 1164 igitur
586 1107 625 1146 ex
640 1086 761 1146 scholiis
774 1085 925 1144 doctrinae
937 1085 1198 1162 Hermogenianae
1218 1085 1355 1162 vestigia.
1391 1082 1477 1159 Quae

361 1186 488 1256 exstant,
514 1176 692 1246 exscribam,
716 1184 807 1236 uteo
832 1175 999 1234 accuratius
1016 1183 1108 1253 atque
1124 1171 1299 1250 diligentius
1316 1172 1352 1232 de
1376 1193 1477 1233 eorum

360 1265 459 1326 indole
481 1264 616 1326 iudicare
644 1267 747 1344 possis.
794 1261 927 1336 Ἠθικαῖς
957 1274 1057 1322 autem
1085 1272 1115 1322 et
1142 1263 1250 1335 δεινῶς
1279 1261 1328 1320 hic
1360 1282 1479 1342 quoque

361 1357 456 1415 causis
481 1375 572 1435 supra
595 1354 693 1413 allatis
717 1351 838 1433 omisi.1)

449 1448 549 1506 A311
583 1455 667 1504 ποιεῖ
695 1438 752 1522 τὴν
786 1439 925 1522 διήγησιν
955 1437 1034 1502 κατά
1064 1435 1121 1519 τὴν
1151 1441 1216 1502 τῶν
1245 1437 1479 1520 προβλημάτων

360 1530 528 1611 συνήθειαν
550 1536 601 1594 καί
623 1528 726 1608 φύσιν.
752 1533 854 1610 σχῆμα
877 1527 937 1609 γάρ
961 1526 1127 1610 εὐκρινείας
1144 1576 1151 1591 .
1168 1531 1248 1615 P,.²)

450 1625 544 1699 7392
570 1617 605 1684 τὸ
629 1622 731 1701 σχῆμα
755 1621 961 1699 σεμνοπρεπίς
975 1672 981 1682 .
995 1643 1024 1701 p.

449 1716 543 1773 2245
569 1706 629 1788 ἕξει
652 1709 826 1788 σεμνοτάτγ
849 1723 959 1784 κοσμεῖ
984 1707 1021 1771 τὸ
1046 1704 1177 1789 αἰσχρὸν
1199 1704 1244 1783 ὡς
1267 1706 1285 1770 ὃ
1309 1707 1478 1785 Ξενοφῶν·

361 1800 454 1879 ἐγνω
479 1797 595 1879 αὐτὴν
618 1796 686 1862 άντλ
708 1807 768 1862 τοῦ
791 1800 990 1880 ἐμίγηνΛυ,

449 1893 501 1954 ΔΙ
527 1897 671 1965 πιθανῶς
697 1889 731 1952 ἐκ
754 1896 811 1951 τοῦ
838 1887 984 1952 κάτωθεν
1010 1885 1155 1966 θορύβου
1182 1889 1224 1961 εἰς
1252 1883 1391 1964 οὐρανὸν
1421 1885 1480 1966 τὴν

361 1976 476 2060 σκηνὴν
506 1979 656 2058 μετήγαγε
687 1979 830 2053 σεμνύων
860 1983 911 2040 καί
941 1977 1145 2062 ποικίλλωνί)
1177 1971 1240 2051 άμα
1272 1972 1327 2057 τὴν
1357 1981 1480 2055 ποίησιν

361 2068 468 2142 τόποις
491 2073 542 2130 καὶ
564 2067 747 2152 προσώποις
768 2072 820 2130 καί
843 2065 1044 2144 λάγοις.ΒΤ.

448 2163 553 2221 Rura
579 2155 596 2220 ὁ
624 2161 681 2232 μὲν
711 2159 907 2231 σεμνοποιων
938 2155 974 2217 τὰ
1004 2153 1076 2217 καθ’
1101 2153 1215 2218 ἑαυτὸν
1243 2158 1352 2218 παῖδε
1383 2160 1479 2233 φίλω

361 2253 461 2326 φησίν,
487 2243 505 2310 ὁ
530 2250 563 2310 δὲ
586 2247 661 2321 Δίας
684 2247 717 2323 ἐξ
740 2243 898 2320 ὀνόματος
920 2244 1125 2308 Ἰθαῖε.ΒΤ.

450 2343 531 2400 Κ43
556 2332 670 2411 σεμνὸν
693 2342 752 2397 τοῦ
777 2336 927 2412 βασιλέως
954 2339 995 2410 είς
1017 2335 1176 2412 ἐπίσκεψιν
1199 2340 1328 2398 πλείονα
1349 2335 1479 2415 φερομέ-

360 2449 419 2490 νου
433 2474 440 2489 .
454 2429 515 2488 ΒΤ.

450 2520 528 2578 040
543 2518 584 2588 είς
607 2510 760 2589 ὁμόνοιαν
783 2517 816 2576 δὲ
840 2510 957 2590 άνὸρας
978 2518 1028 2576 καί
1048 2527 1197 2592 γυναῖκας
1219 2521 1326 2576 καλῶν
1350 2510 1368 2576 ὃ
1392 2535 1478 2593 ποιη-

361 2601 416 2682 τὴς
437 2604 558 2679 σεμνάει
582 2602 639 2683 τὴν
661 2609 830 2667 κοινωνίαν
847 2599 945 2683 ὅρκον
968 2599 1065 2665 αὐτὸν
1087 2605 1230 2681 μέγιστον
1252 2605 1374 2666 ποιῶν.
1389 2601 1407 2666 ὁ
1423 2605 1476 2678 μίν

362 2690 420 2757 οὖν
444 2691 520 2769 Ζεὺς
541 2693 694 2772 φιλότητα
716 2698 768 2755 καί
791 2690 884 2772 εὐνὴν
906 2690 1030 2776 είπενβ)
1054 2689 1122 2771 ἡδὲ
1138 2690 1367 2778 σεμνοτέραιςῦ)
1383 2710 1478 2773 προσ-

361 2789 499 2864 ηγορίαις
520 2786 631 2862 χρῆται
653 2779 696 2862 μὴ
715 2781 880 2862 θὲλουσαθ)
903 2783 1098 2860 ἐκφαυλίζων
1121 2779 1178 2861 τὴν
1201 2787 1370 2844 κοινωνίαν
1390 2829 1397 2844 .
1414 2784 1477 2845 ΒΤ.

450 2882 480 2936 Σ
492 2879 554 2936 286
579 2869 674 2946 σεμνά
698 2867 857 2946 ὀνόματα.
872 2874 933 2933 ΒΤ.

450 2970 480 3024 Σ
492 2969 554 3026 346
579 2966 620 3035 είς
635 2968 789 3024 ταπεινῶν
812 2965 845 3024 δὲ
860 2958 1056 3042 πραγμάτων
1079 2957 1268 3040 ἀπαγγελίαν
1290 2957 1432 3035 ἐμπεσών
1455 2961 1480 3022 ἐ-

361 3052 482 3130 κάλυψε
498 3047 576 3114 αάτά
589 3052 626 3130 τῇ
637 3053 778 3114 συνθέσει
790 3058 855 3114 τῶν
867 3052 1022 3114 ἐπιθέτων
1036 3099 1043 3113 .
1056 3049 1093 3113 τὸ
1106 3053 1140 3113 δὲ
1151 3049 1191 3112 τά
1205 3047 1301 3130 μικρά
1315 3055 1366 3112 καί
1382 3046 1481 3128 άδοξα

361 3142 605 3221 μεγαλοπρεπῶς
620 3137 789 3218 ἐξενεγκὼν
810 3145 866 3203 παλ
889 3143 1008 3215 σεμναῖς
1027 3139 1209 3219 ἀπαγγεῖλαι
1232 3145 1407 3215 θαυμασίας
1429 3143 1481 3202 καί

360 3236 503 3311 μεγίστης
513 3229 536 3312 ⁷)
561 3229 624 3292 ἐστί
648 3228 811 3305 δυνάμεως
823 3279 830 3293 .
844 3232 906 3296 ΒΤ.

452 3478 474 3546 ¹)
493 3477 527 3532 cf.
546 3495 572 3546 p.
592 3480 626 3531 39
646 3482 675 3532 et
693 3495 719 3546 p.
739 3481 772 3533 51
793 3477 855 3533 adu.
874 3479 899 3533 5.
936 3478 997 3532 Ηοο
1015 3479 1075 3532 loco
1094 3477 1206 3543 addam,
1225 3476 1280 3530 iam
1300 3476 1481 3532 Aristotelem

361 3566 429 3606 voce
448 3547 538 3604 δεινῶν
556 3565 637 3604 usum
656 3566 717 3605 esse
736 3553 769 3600 H
777 3552 827 3604 283
847 3549 878 3606 T.

452 3620 473 3690 Ε)
493 3621 577 3688 Cave,
601 3637 635 3676 ne
654 3621 697 3676 hic
716 3620 815 3677 afferas
839 3623 863 3672 A
884 3618 1073 3676 acuculam
1097 3617 1126 3672 δὲ
1144 3618 1177 3671 τὸ
1201 3620 1285 3686 σχῆμα
1304 3617 1430 3686 ἐπιβολῇ,
1449 3620 1479 3671 ἐν

360 3689 1213 3833 lllllllllll‘llllffrffl‘lllfilule&
1230 3689 1481 3828 'illailla

361 3841 488 3905 spectare
506 3786 619 3891 vidclur
637 3787 736 3891 collato
749 3803 923 3905 Hermogene
935 3854 961 3906 p.
975 3783 1182 3905 άίὸάάιαθαραὶ
1200 3805 1303 3886 lavarat
1320 3837 1384 3885 εἰσιν
1403 3834 1481 3886 ἕνεκα

360 3927 390 3976 γε
408 3909 454 3974 τῆς
473 3905 605 3975 ἐπιβολῆς.
643 3908 696 3964 Sed
715 3923 750 3962 ex
769 3912 902 3962 contextu
921 3913 1001 3978 patet
1020 3903 1150 3974 ἐπιβολήν
1168 3921 1228 3962 osse
1241 3905 1346 3961 aditum
1364 3906 1400 3962 ad
1411 3921 1479 3972 rom,

352 3979 406 4048 ¹(cf.
425 3979 539 4068 Ernesti
563 3997 589 4049 p.
616 3982 689 4050 189),
714 3995 775 4034 cum
799 3979 828 4033 in
852 3981 954 4035 scholio
977 3981 1036 4036 fore
1059 3978 1131 4034 idem
1155 3977 1193 4034 sit
1215 3983 1300 4046 atque
1325 3977 1480 4050 ἐπαναρρριί

361 4070 614 4194 κομμαῆικάέμνύων
631 4123 762 4191 μετήγαγε
780 4119 927 4174 ποικίλλων
946 4122 978 4176 Τ.

450 4194 471 4300 ι
490 4194 632 4321 αα

451 4269 473 4408 “l
493 4337 541 4388 οὐκ
559 4308 718 4396 α’ξιοάοοιιΤ.

453 4409 475 4478 ⁷)
493 4425 544 4463 om.
564 4408 597 4467 Τ.
