3390 5140
298 837 378 915 Quid
407 850 506 898 autern
537 835 608 920 inde
635 836 792 916 sequitur?
839 833 933 896 Credo
963 837 1097 922 scholia,
1130 857 1196 897 curn
1226 838 1258 896 in
1285 839 1327 897 eis

210 929 332 988 Homeri
356 927 486 988 carmina
513 924 645 987 nondum
674 922 838 986 secundum
861 926 1060 1006 Hermogenis
1090 935 1252 1009 praecepta
1275 946 1327 985 ex-

210 1017 368 1098 plicentur,
397 1023 467 1084 orla
489 1021 582 1100 atque
605 1037 710 1083 coccos
732 1015 770 1082 irs
794 1037 908 1100 corpus
932 1015 1074 1101 conflato
1097 1039 1161 1084 esce
1184 1017 1230 1082 cis
1252 1021 1326 1082 lem·

208 1108 349 1192 poribus,
374 1129 447 1174 coro
469 1105 614 1172 errorem
636 1105 728 1172 illics
750 1105 925 1172 aoaorilos
948 1111 1042 1174 locta
1057 1113 1135 1190 erat,
1159 1113 1196 1172 ot
1211 1111 1329 1172 aterna

211 1203 297 1264 artes
320 1218 427 1264 cornea
450 1195 628 1262 submovere
648 1200 760 1280 posset,
790 1215 856 1255 cum
876 1194 1012 1256 nondum
1034 1195 1241 1273 Hermogenes
1265 1206 1330 1254 erat

209 1281 251 1358 „d
274 1281 397 1364 ῥῆτωρ“
424 1298 458 1346 ut
481 1284 696 1345 Demosthenes
722 1283 872 1362 „orator“.
919 1283 1034 1344 Scimus
1058 1296 1156 1345 autem
1180 1285 1240 1344 iarn
1261 1283 1328 1350 Me.

210 1375 377 1443 Mandrum
408 1376 633 1436 commentarios
663 1374 694 1433 in
722 1373 943 1450 Hermogenem
974 1375 1129 1456 scripsisse
1158 1374 1218 1434 fine
1248 1374 1328 1434 tertii

211 1465 331 1527 saeculi.
380 1463 473 1526 Cuius
497 1463 534 1523 de
558 1473 656 1522 aetate
679 1462 771 1543 paulo
794 1464 960 1522 accuratius
984 1462 1135 1542 agendum
1159 1472 1212 1524 est.

299 1572 329 1632 N
331 1582 412 1632 otum
428 1572 508 1632 enim
523 1581 568 1629 est
583 1565 791 1650 Bursianum1)
817 1569 1005 1630 contendisse
1019 1569 1218 1630 Menandrum
1239 1590 1328 1650 quar-

212 1673 241 1722 to
257 1661 376 1722 demum
392 1661 510 1721 saeculo
526 1659 647 1719 vixisse.
695 1657 782 1735 Quod
799 1660 824 1718 si
846 1659 897 1718 ille
920 1669 1004 1720 recte
1019 1658 1150 1735 vidisset,
1173 1670 1275 1720 nostra
1291 1659 1328 1720 de

211 1753 360 1812 sententia
383 1760 480 1809 actum
506 1758 592 1811 esset.
638 1749 680 1806 At
702 1748 785 1807 illum
809 1747 953 1808 refutavit
971 1746 1128 1830 Nitsche²)
1153 1758 1237 1809 tanto
1260 1769 1329 1810 acu·

211 1843 306 1914 mine,
330 1849 365 1898 ut
388 1837 526 1897 omnibus
549 1837 731 1917 persuaserit
753 1837 933 1896 Bursianum
957 1834 1142 1919 erravisse.³)
1188 1839 1329 1898 Bursiani

211 1930 290 1990 enirn
315 1936 538 2003 argumentum,
568 1924 648 2006 quod
672 1926 781 2006 petivit
803 1945 842 1986 ex
865 1921 1015 2008 verbis⁴):
1047 1922 1330 2000 asseuerante

212 2016 316 2089 πόλεις
339 2010 393 2087 τὰς
414 2011 480 2075 κατ’
498 2009 623 2092 Ἴστρον
646 2009 793 2088 ποταμὸν
814 2009 877 2075 ὑπὸ
898 2009 1062 2089 Ῥωμαίων
1076 2018 1327 2092 κατοικισθείσας,

212 2101 268 2179 τὰς
290 2103 484 2177 καλουμένας
506 2107 655 2183 Καρπίας,
680 2124 740 2185 quo
764 2103 980 2166 demonstraret
1002 2105 1189 2166 Diocletiano
1212 2116 1328 2168 mortuo

214 2205 309 2254 artem
334 2193 451 2254 demum
473 2193 554 2253 illam
578 2195 714 2274 componi
736 2195 883 2276 potuisse,
915 2194 1032 2255 nullum
1059 2205 1112 2258 est.
1158 2193 1237 2256 Nam
1260 2215 1328 2256 con·

213 2293 281 2357 stat,
306 2285 365 2343 iam
388 2284 488 2343 multis
504 2284 590 2344 annis
614 2295 703 2344 antea
718 2283 882 2345 Aureliano
904 2285 1084 2366 imperatore
1099 2283 1212 2366 Carpos
1234 2296 1329 2344 trans·

211 2373 355 2450 migrasse
377 2374 409 2432 in
433 2371 633 2434 Romanorum
656 2374 730 2434 fines
754 2382 828 2434 teste
845 2375 975 2456 Victore,
1000 2373 1038 2434 de
1054 2373 1137 2439 Caes.
1155 2379 1211 2436 39:
1239 2373 1328 2456 „Car-

211 2481 317 2541 porum
339 2463 422 2522 natio
446 2464 592 2524 translata
615 2464 709 2523 omnis
733 2464 764 2522 in
788 2475 920 2524 nostrum
945 2465 1050 2538 solum,
1074 2465 1160 2525 cuius
1179 2464 1242 2526 iere
1257 2485 1328 2546 pars

210 2553 270 2611 iam
293 2564 357 2612 turn
380 2552 419 2610 ab
442 2552 605 2613 Aureliano
629 2547 757 2635 erat.“⁶)
804 2551 913 2612 Contra
935 2552 1061 2613 Nitsche
1088 2574 1128 2613 ex
1150 2553 1216 2614 aliis
1238 2555 1329 2616 rebus

209 2641 312 2718 gestis,
338 2661 417 2720 quac
432 2643 465 2701 in
481 2641 595 2720 duplici
609 2641 728 2723 libelle„
748 2641 801 2720 qui
823 2661 917 2701 unum
939 2643 971 2702 in
987 2662 1094 2722 corpus
1110 2643 1255 2704 conflatus
1271 2644 1328 2704 sub

210 2729 369 2790 Menandri
392 2732 511 2790 nomine
534 2729 662 2790 traditus
686 2742 740 2806 cst,
764 2730 982 2808 significantur,
1006 2733 1116 2812 optime
1136 2741 1255 2812 tempus
1279 2732 1328 2793 de·

211 2819 319 2894 finivit,
344 2839 405 2899 quo
428 2831 558 2898 utraque
578 2820 786 2880 commentatio
804 2822 970 2902 conscripta
986 2831 1074 2884 esset.
1113 2821 1234 2882 Invenit
1249 2824 1328 2883 enim

211 2909 340 2988 priorem
364 2929 442 2968 anno
466 2911 529 2970 273
555 2908 604 2968 vel
627 2911 702 2981 274,
725 2911 920 2989 posteriorem
943 2930 1022 2971 anno
1048 2912 1111 2972 274
1136 2912 1328 2992 compositam

211 3017 285 3061 esse.
331 2997 486 3072 Quomodo
509 2997 540 3056 id
564 2999 698 3073 evicerit,
727 2999 784 3060 hoc
811 3000 876 3060 loco
899 3011 1038 3080 repetere
1061 2995 1201 3081 taedet.⁰)
1248 3001 1327 3078 Quo·

210 3107 276 3147 cum
301 3089 442 3166 congruit
466 3087 576 3148 Walzii
604 3087 776 3150 observatio
787 3085 811 3170 ⁷)
835 3109 853 3148 a
875 3088 1040 3150 Menandro
1069 3088 1168 3150 nullos
1191 3104 1328 3152 auctores

208 3175 359 3238 adhibitos
383 3197 459 3259 esse,
485 3179 537 3257 qui
560 3198 621 3239 non
644 3180 724 3238 intra
746 3179 819 3238 fines
842 3179 923 3238 tertii
945 3179 1057 3240 saeculi
1077 3181 1219 3244 vixerint.
1265 3180 1327 3242 No-

209 3267 322 3327 vissimi
353 3267 431 3327 enim
463 3277 548 3328 sunt:
579 3266 739 3344 Aristides,
771 3268 899 3328 Proteus
923 3266 1066 3348 Cynicus,
1099 3269 1236 3344 Polemo,
1268 3271 1326 3331 Dio

209 3355 447 3434 Chrysostomus,
488 3357 686 3434 Nicostratus,
721 3356 929 3432 Philostratus,
965 3358 1137 3432 Callinicus,
1175 3358 1327 3420 Genethlii

208 3446 344 3524 aequalis
367 3459 398 3506 et
420 3445 619 3508 adversarius.

243 3595 245 3598 -
297 3553 442 3630 Assignat
468 3565 570 3614 autem
592 3554 717 3615 Nitsche
745 3555 877 3634 priorem
900 3554 1010 3616 librum
1033 3554 1204 3630 Genethlio,
1228 3555 1326 3616 Patris

299 3780 319 3850 ¹)
338 3777 395 3834 Der
413 3779 518 3836 Rhetor
530 3782 694 3838 Menandros
706 3781 762 3837 und
775 3782 852 3839 seins
865 3781 1013 3850 Schriften,
1034 3782 1063 3837 in
1077 3783 1148 3839 actis
1167 3783 1325 3840 academiae

206 3850 361 3907 Bavaricae
381 3853 459 3911 1882,
477 3869 503 3922 p.
525 3856 565 3909 16.

298 3939 319 4012 ²)
338 3941 395 3995 Der
413 3941 520 3997 Rhetor
538 3943 713 3999 Menandros.
751 3943 816 4014 Prg.
835 3944 926 4000 Berol.
947 3944 1024 4000 1883.

298 4029 320 4100 ⁸)
340 4030 374 4084 cl.
394 4047 417 4086 e.
437 4047 464 4102 g.
484 4031 652 4087 Volkmanni
670 4048 823 4101 censuram,
847 4032 946 4088 Philol.
966 4033 1142 4102 Rundschau‚
1164 4033 1245 4101 1884,
1264 4033 1325 4090 64³.

296 4117 569 4190 mmmmm

297 4212 320 4281 ὕ)
339 4211 373 4266 cf.
387 4209 502 4267 Nitsche
520 4210 538 4266 l.
551 4211 569 4266 l.
588 4229 615 4281 p.
628 4215 654 4278 8,
672 4213 757 4282 Jung,
777 4213 821 4268 die
844 4212 1035 4268 romanisohen
1052 4212 1257 4268 Landschaften
1277 4211 1325 4267 des

206 4282 360 4338 rdmischen
378 4282 505 4351 Reiches,
525 4283 602 4351 1881,
620 4286 673 4337 399
687 4301 745 4352 sqq.

295 4371 319 4442 ⁶)
338 4372 373 4426 cf.
391 4372 410 4426 l.
428 4374 447 4429 l.
466 4375 484 4428 8
503 4389 562 4440 sqq.

297 4461 318 4531 ⁷)
336 4463 406 4518 rhet.
427 4461 474 4518 Gr.
493 4461 535 4516 IX
553 4479 579 4532 p.
599 4461 672 4517 XVI.
