3356 5150
636 459 850 520 ...33-

188 642 336 722 idearum3
361 639 576 720 cf.A1(16):
598 637 724 714 ἐξέφυγε
747 638 781 698 δὲ
805 631 841 697 τό
859 635 894 698 ἐν
908 638 987 714 τρισί
1009 638 1151 714 παρίσοις
1174 628 1305 714 όκαιρον

188 721 1306 810 mmmmmmtmmfflurmufflwmuu

187 823 322 893 artosol,
355 809 401 879 ότι
425 813 597 890 δυνάμενος
619 819 810 877 καλλωπίσαι
833 811 890 876 τόν
913 812 1010 891 λόγον
1033 813 1180 890 ἐμφανῶς
1201 812 1235 875 έν
1257 818 1305 896 τῷ

188 911 284 972 εἰπεῖν
306 906 440 983 μόθων
462 927 497 968 τε
517 904 670 984 ρητῆρα,
696 903 815 984 έργοον
838 905 875 966 δέ
902 904 1110 982 πρηκτῆρα,
1137 897 1223 977 ὅμως
1246 897 1306 964 οὐκ

188 999 332 1076 ἐποίησεν
355 991 451 1070 odom,
475 992 554 1057 ἀλλὰ
576 995 724 1074 μετέθηκε
741 991 777 1056 τό
800 999 996 1072 πρηκτῆρα
1019 991 1190 1055 κάντεῦθεν
1212 987 1250 1053 τό
1273 987 1306 1053 ό-

188 1087 409 1163 μοιοτέλευτον
424 1088 630 1159 συνεσκίασεν,
654 1085 707 1145 ἵνα
729 1079 772 1164 μὴ
787 1082 822 1146 έν
842 1087 1046 1164 σκυθρωποῖς
1066 1078 1084 1143 ό
1101 1080 1194 1159 λόγος
1210 1081 1306 1158 ἐμφα-

189 1177 319 1240 νέστατα
342 1176 580 1252 καλλωπίζηται.

280 1265 403 1326 Aristidi
418 1261 553 1338 κάλλους
566 1265 718 1326 notionem
733 1265 867 1342 ignotam
883 1283 948 1324 esse
964 1281 1126 1341 cognosces
1146 1281 1185 1321 ex
1199 1261 1307 1322 Baum·

213 1356 287 1416 artio
332 1403 338 1419 .
367 1356 438 1417 192.

191 1377 212 1436 g
278 1375 362 1516 Idltlm
391 1444 474 1504 valet
505 1442 543 1504 de
573 1445 711 1524 proxima
740 1440 848 1523 ider‚²)
881 1461 942 1523 qua
973 1443 1113 1515 evitetur,
1145 1460 1184 1500 ne
1214 1441 1309 1500 oratio

192 1543 310 1614 stagnet
332 1542 424 1614 atque
446 1534 603 1612 langueat,
627 1535 717 1594 immo
741 1533 825 1592 cuius
849 1553 906 1612 ope
929 1542 963 1591 ut
985 1532 1095 1592 flumen
1118 1531 1257 1590 alacriter
1279 1539 1309 1591 et

190 1625 382 1686 vehementer
413 1623 547 1704 profluit,
580 1643 670 1702 quam
701 1623 907 1700 Hermogenes
938 1622 1104 1701 appellavit
1129 1615 1311 1716 pop-Q

191 1719 439 1805 (celeritatem).²)

281 1812 436 1874 Celeritati
460 1812 631 1891 oppositum
655 1817 701 1870 ost
723 1805 761 1870 τό
783 1798 904 1882 ὕπτιον,
935 1807 1026 1888 quod,
1059 1828 1120 1889 qua
1148 1817 1227 1869 esset
1249 1808 1310 1868 ele·

191 1904 306 1982 gantis,
339 1903 503 1961 Homerum
528 1901 657 1960 evitasse
680 1898 857 1958 Eustathius
881 1897 1004 1958 diversis
1027 1898 1101 1957 locis
1123 1907 1233 1973 monet,
1258 1897 1311 1958 sed

190 2013 230 2054 ex
253 2002 362 2051 notura
384 1991 429 2048 rei
452 2009 512 2049 non
535 1989 673 2049 omnibus
695 1989 768 2048 locis
798 1983 952 2066 γοργότης
981 1986 1147 2048 remedium
1174 1986 1311 2066 languidi

190 2083 286 2144 affert.
337 2081 431 2140 1540
463 2075 556 2163 (774)
589 2080 668 2139 enim
699 2087 729 2138 et
758 2082 779 2138 I
789 2079 851 2138 519
884 2076 975 2156 (769)
1006 2072 1121 2150 κάλλος
1151 2077 1311 2137 celeritatis

190 2162 1311 2251 mmumnfflmfflmnmoemnmoem

192 2261 300 2321 11715
317 2257 442 2341 (1082),
467 2260 573 2319 52229
594 2258 708 2337 (1347)
724 2255 844 2318 vividus
866 2275 961 2317 sermo
984 2255 1162 2317 medicinam
1185 2256 1312 2334 languo-

191 2351 231 2408 ris
254 2348 388 2428 praehet.

278 2436 462 2504 Sententiae
485 2436 653 2514 singulares
677 2436 822 2496 celeritati
851 2455 910 2495 non
933 2444 1012 2498 sunt.
1056 2435 1183 2515 Propria
1205 2445 1314 2494 natura

192 2527 282 2587 huius
298 2527 384 2586 ideae
400 2537 443 2586 est
460 2521 478 2587 ό
494 2523 593 2598 τύπος
613 2523 768 2603 τμητικίς,
793 2524 822 2583 id
839 2533 884 2584 est
900 2525 994 2585 oratio
1009 2525 1113 2597 incisa,
1137 2544 1198 2584 non
1212 2525 1313 2585 multis

191 2617 283 2676 rebus
307 2616 499 2696 amplificate,
534 2635 594 2694 quo
622 2615 656 2673 fit
679 2615 828 2673 contrarie
850 2614 1009 2692 περιβολῇ.
1056 2613 1125 2689 Qua
1155 2613 1192 2673 de
1223 2633 1314 2674 causa

193 2705 316 2766 eaedem
339 2706 465 2784 figurae,
491 2723 531 2764 ex
554 2703 664 2784 quibus
687 2699 840 2782 σεμνότης
862 2715 892 2762 et
915 2698 1064 2780 περιβολίγ
1087 2711 1260 2779 nascuntur,
1289 2705 1314 2763 si

193 2795 392 2868 κομματικῶς
423 2794 614 2866 adhibentur,
646 2790 821 2870 γοργότητα
849 2793 990 2854 efficiunt.
1038 2790 1127 2852 Haud
1158 2813 1224 2852 raro
1248 2813 1314 2852 eam

193 2884 275 2964 apud
291 2882 480 2943 Eustathium
504 2886 691 2943 coniunctam
711 2884 877 2962 reperimus
893 2903 961 2942 cum
976 2881 1208 2958 pulchritudine,
1233 2881 1314 2962 quod

194 2975 307 3054 optime
330 2975 471 3032 convenit
494 2993 560 3032 oum
583 2973 686 3052 primis
709 2971 810 3032 verbis
833 2973 941 3052 capitis
961 2972 1237 3050 Hermogeniani:³)
1269 2973 1317 3034 όεῖ

193 3063 226 3124 δέ
249 3067 296 3145 τῷ
319 3059 452 3144 τοιούτῳ
483 3059 568 3144 λόγῳ
600 3058 728 3135 πάντας
754 3063 806 3121 καί
834 3058 1034 3139 γοργότητος,
1067 3061 1119 3123 ἵνα
1149 3056 1192 3139 μὴ
1215 3056 1315 3141 ἀργόν

193 3146 280 3234 αύτῷ
303 3154 354 3212 καί
377 3151 470 3227 σαφές
491 3149 593 3224 μόνον
617 3145 654 3212 τό
676 3152 808 3229 μέγεθος
832 3145 850 3228 ᾖ
873 3152 924 3212 καί
947 3145 983 3211 τό
1006 3148 1129 3226 κάλλος,
1162 3147 1314 3213 ἀλλὰκαὶ

196 3261 323 3320 γοργον.

282 3330 341 3391 Sed
364 3333 425 3390 iom
449 3330 487 3390 ad
503 3331 681 3398 methodum
701 3330 798 3390 tendit
815 3332 917 3393 oratio.
957 3331 1090 3390 Primum
1106 3329 1313 3407 Hermogenes

194 3421 352 3500 praecipit:
376 3420 512 3494 μέθοδος
535 3419 706 3498 γορότητος
736 3423 791 3496 μία
821 3415 860 3481 τό
883 3431 949 3493 τοῖς
972 3415 1157 3496 ἀπαντήσεσι
1180 3422 1315 3494 ταχείαις

194 3508 330 3585 χρῆσθαι
351 3513 400 3570 καί
423 3513 587 3591 βραχείαις,
619 3522 687 3583 ταῖς
705 3511 750 3578 ,dd
778 3507 968 3572 όντιθέσεσιν
991 3505 1181 3589 decoraret)
1221 3507 1313 3568 Cuius

195 3599 401 3658 auctoritatem
424 3612 544 3661 secutus
565 3601 740 3659 lhustathius
763 3599 835 3658 dicit
859 3601 962 3661 12758
981 3594 1090 3682 (605):
1116 3595 1153 3660 τό
1177 3599 1210 3661 dt
1232 3596 1314 3671 ἐμοὶ

195 3681 222 3748 d⁰
249 3681 351 3762 ίίχος,
384 3687 417 3747 oi
445 3688 481 3749 ot
512 3689 713 3766 τέρπονται
736 3684 839 3766 σχῆμά
869 3687 929 3749 ἐστι
958 3685 1077 3767 γοργόν
1108 3683 1312 3761 όντιθετικόν,

196 3773 329 3853 σύνηθες
351 3779 403 3836 καὶ
426 3773 504 3838 αὐτό
527 3776 684 3857 ῥήτορσιν.
740 3778 854 3839 Eadem
884 3799 932 3839 res
961 3779 1129 3838 illustratur
1160 3777 1198 3837 ad
1220 3782 1240 3838 Ι
1250 3782 1311 3840 321

196 3864 658 3953 ememumoem.

284 3955 376 4016 Haud
407 3956 532 4015 multum
562 3958 600 4018 ab
631 3957 772 4018 antithesi
803 3956 933 4033 distant,
974 3959 1059 4018 cuius
1089 3967 1159 4020 sunt
1188 3958 1313 4037 species,

195 4050 296 4121 σχῆμα
319 4042 387 4105 κατ’
413 4038 503 4123 όίρσιν
533 4046 693 4109 καὶθέσιν
724 4059 755 4107 et
777 4041 931 4122 ἀντίθεσις
960 4050 1011 4109 καί
1033 4044 1127 4122 λύσις,
1160 4046 1239 4109 unde
1263 4066 1314 4105 ex·

285 4195 309 4296 2)
327 4193 491 4320 ΙΙίνιιινςετί,
510 4194 528 4250 l.
541 4195 559 4250 l.
580 4195 639 4251 195.

287 4265 581 4407 ffiffissffiff'

285 4406 307 4477 4)
326 4407 364 4476 11,
383 4411 444 4477 344,
464 4410 480 4463 3
500 4409 545 4477 Sp.
