3390 5140
775 463 1019 524 -100-

338 643 525 719 fragmentis,
557 661 636 721 quae
666 643 698 702 in
729 641 847 701 scholiis
879 650 1007 704 exstant.
1052 641 1195 718 Legimus
1225 648 1324 700 autem
1356 639 1393 702 de
1420 661 1456 700 eo

339 731 420 810 apud
444 731 653 811 Spengelium,
687 729 852 807 συναγωγή
884 736 1013 806 τεχνῶν,
1045 753 1075 810 p.
1101 732 1180 791 210:
1213 725 1249 790 τὸ
1280 731 1312 791 δέ
1344 724 1457 808 ἀληθὲς

338 818 372 882 ἐν
396 833 461 894 τοῖς
483 814 579 897 ἥρωσι
602 819 732 897 πρῶτον
754 817 852 899 ἐφάνη
883 825 935 900 (so.
959 841 1007 879 ars
1038 818 1247 903 δὶοοιιδί),..
1264 820 1391 880 ,τοῦτο
1422 820 1457 880 δὲ

338 907 516 987 κατάδηλον
545 907 686 987 ἐποίησεν
710 899 858 986 Ὅμηρος.
891 905 1071 987 εὑρίσκομεν
1102 905 1161 986 γάρ
1191 928 1255 986 παρ
1289 903 1376 990 αὐτῷ
1406 911 1456 969 καλ

339 996 605 1074 συμβουλευτικὸν
627 997 718 1072 εἶδος,
745 993 849 1075 ὥσπερ
872 993 922 1058 διὰ
945 999 1004 1058 τοῦ
1027 999 1185 1076 Νέστορος
1207 1003 1274 1059 τοῦ
1300 971 1400 1058 κα1’
1384 995 1456 1060 απὸ

338 1088 505 1166 γλώσσης
519 1089 667 1162 μέλιτος
682 1085 879 1164 γλυκίων
861 1087 944 1165 ρέεν
956 1083 1048 1165 αὐδὴ
1064 1091 1114 1148 καλ
1126 1083 1285 1148 δικανικὸν
1296 1091 1355 1148 καὶ
1372 1081 1456 1148 ἔπεα
1475 1081 1478 1090 ’

338 1175 555 1254 νιφάδεσσιν
575 1177 733 1238 ἐοικότα
754 1179 802 1238 δεῖ
816 1172 875 1255 γάρ
896 1173 954 1238 τὸν
973 1179 1031 1250 μέν
1047 1175 1229 1251 σύμβουλον
1244 1175 1321 1238 εἶναι
1338 1174 1457 1253 γλυκὺν

338 1270 391 1328 καλ
406 1280 473 1340 τοῖς
488 1262 703 1345 ἀκροωμένοις
725 1263 905 1344 ἀρέσκοντα,
931 1264 988 1328 τὸν
1005 1269 1037 1327 δὲ
1054 1261 1214 1328 δικανικὸν
1229 1265 1384 1339 μᾶλλον
1366 1263 1456 1344 ρώμη

339 1360 390 1417 καλ
413 1357 561 1431 διανοίαις
584 1351 739 1432 ἀκμάζειν
772 1345 848 1417 ὅθεν
879 1353 1015 1437 ἑκατέρῳ
1048 1351 1086 1416 τὸ
1108 1361 1271 1434 προσῆκον
1294 1350 1455 1428 ἀπένειμε.

338 1437 432 1506 καλ(
421 1437 468 1506 ότι
485 1437 619 1523 Όμηρος
650 1441 689 1504 τά
720 1445 879 1552 σπέρματα
910 1446 963 1522 τῆς
993 1445 1102 1523 τέχνης
1132 1445 1301 1519 κατέβαλεν
1323 1441 1458 1523 έδηλοισε

345 1532 519 1613 Τήλεφος
503 1557 521 1595 ο
544 1530 757 1612 Περγαμηνὸς,
784 1525 865 1608 άστις
888 1535 1000 1613 τέχνην
1020 1532 1282 1646 συγγραψάμενος
1303 1533 1458 1613 εκέγραψε

338 1627 408 1701 περὶ
437 1625 490 1701 τῆς
520 1619 591 1684 καθ’
626 1615 767 1702 Ὅμηρον
798 1623 961 1702 ρητορικης
990 1622 1078 1684 κάκεῖ
1109 1627 1178 1702 περὶ
1209 1623 1275 1685 τῶν
1310 1647 1342 1700 ιγ
1371 1639 1457 1685 συνε-

340 1712 486 1791 γράψατο
504 1711 651 1774 στάσεων.
675 1714 810 1789 Quocum
828 1714 1038 1792 coniungenda
1052 1735 1117 1774 esse
1128 1714 1223 1774 verbe
1238 1714 1387 1774 simillima
1401 1715 1456 1788 lV,

342 1806 381 1863 10
399 1804 458 1864 W.:
484 1800 547 1863 εἶτα
572 1804 605 1865 δέ
628 1803 782 1879 λέγουσιν,
808 1793 857 1864 ilas
878 1799 955 1876 μετά
978 1800 1053 1877 τοὺς
1075 1799 1169 1876 θεοὺς
1192 1805 1233 1876 εἰς
1255 1798 1331 1876 τοὺς
1354 1823 1458 1882 ηριοας

337 1889 585 1970 μεταβέβηκενγ
567 1915 627 1953 ιτ
609 1893 711 1970 τέχνη
744 1892 805 1968 εἴγε
828 1897 1013 1970 θεωροῦμεν
1036 1889 1094 1954 τὸν
1117 1897 1262 1971 Πρίαμον
1292 1897 1339 1975 τῷ
1361 1891 1457 1968 ἐγκοι-

337 1988 488 2064 μιαστικῷ
511 1981 583 2042 εἴδει
606 1983 815 2060 κεχρημένον·
840 1979 884 2056 ὠς
906 1978 985 2043 όταν
1007 1983 1080 2058 λέγη
1104 1987 1130 2042 σι’
1154 1979 1275 2060 μάκαρ
1299 1979 1457 2060 Ἀτρείδη

337 2072 571 2150 μοιρηγενές,
597 2069 867 2146 ὀλβιοδαίμοιν,
893 2094 937 2153 τῳ
963 2073 995 2133 δέ
1018 2076 1273 2152 σομβονλεοτικῳ
1296 2068 1354 2134 τὸν
1380 2071 1457 2132 Νέσ-

340 2182 418 2239 τορα
442 2159 664 2237 διαλεγόμενον
686 2157 766 2238 πρὸς
789 2157 846 2222 τὸν
861 2135 1070 2237 Ἀγάμέμνονα
1093 2165 1144 2221 καὶ
1167 2158 1225 2222 τὸν
1240 2155 1387 2236 Ἀχιλλέα,
1412 2166 1457 2242 τῷ

338 2252 371 2312 δέ
403 2253 552 2332 δικανικῷ
580 2246 638 2312 τὸν
669 2245 840 2325 Ἰθακήσιον
871 2247 1033 2312 Ὀδυσσέα·
1064 2252 1138 2328 φησὶ
1169 2247 1228 2328 γάρ
1259 2253 1329 2327 περὶ
1356 2245 1458 2310 αἰτοῦ

338 2337 518 2418 ὁποιητης·
546 2343 601 2400 καὶ
625 2338 710 2400 ἒτιεα
727 2337 944 2414 νιφάδεσσιν
960 2338 1108 2400 ἐοικότα
1132 2343 1364 2418 χειμερίησιν
1379 2346 1456 2414 κτλ,

337 2449 419 2508 quae
452 2430 547 2488 eidem
580 2428 717 2508 Telepho
748 2427 909 2488 tribuenda
940 2440 1020 2501 sunt,
1051 2430 1110 2488 iam
1142 2427 1252 2490 dudum
1276 2429 1457 2509 Spengelius

339 2513 452 2597 viditl)
500 2516 558 2576 Sed
590 2517 673 2576 illum
696 2538 758 2577 non
779 2520 907 2598 primum
938 2518 1024 2579 nobis
1050 2519 1133 2578 illam
1156 2521 1335 2598 sapientiam
1357 2520 1457 2600 propi·

338 2625 425 2665 nasse
449 2605 589 2666 docemur
612 2603 823 2686 aCicerone²)
846 2609 878 2667 in
898 2611 990 2668 Bruto
1015 2613 1066 2682 10,
1091 2615 1148 2670 4οτ
1172 2627 1272 2689 neque
1295 2610 1374 2670 enim
1397 2611 1457 2670 iam

339 2697 454 2755 Troicis
469 2697 653 2776 temporibus
676 2708 792 2756 tantum
816 2696 913 2758 laudis
933 2700 964 2758 in
980 2697 1105 2758 dicendo
1122 2699 1205 2760 Ulixi
1228 2699 1382 2759 tribuisset
1394 2699 1457 2758 Ho-

338 2804 437 2844 merus
467 2797 497 2845 et
520 2786 649 2859 Nestori,
679 2808 805 2866 quorum
832 2788 960 2847 alterum
984 2789 1044 2848 vim
1067 2788 1179 2849 habere
1201 2788 1306 2862 voluit,
1330 2789 1455 2850 alterum

340 2877 538 2948 suavitatem,
569 2877 628 2936 nisi
658 2878 716 2935 iam
748 2887 810 2936 tum
843 2888 921 2936 esset
951 2876 1046 2936 honos
1074 2877 1274 2958 eloquentiae.
1336 2875 1396 2938 Sed
1426 2877 1457 2938 id

339 2965 417 3023 inter
446 2974 609 3045 utrumque
632 2965 728 3025 locum
759 2967 891 3039 interest,
928 2965 1006 3046 quod
1031 2967 1106 3027 alter
1130 2968 1332 3047 eloquentiam
1355 2976 1457 3028 netem

339 3074 405 3114 esse
428 3053 500 3114 dicit
523 3075 562 3114 ex
584 3056 754 3135 praeceptis
778 3056 879 3116 Tisiae
902 3065 932 3116 et
955 3053 1114 3136 Coracis,⁸)
1146 3058 1251 3116 statuit
1273 3065 1373 3117 eutem
1397 3057 1457 3118 elo·

340 3145 481 3223 quentiae
504 3145 563 3202 iam
587 3143 709 3204 Homeri
737 3145 921 3224 temporibus
951 3166 1091 3224 magnam
1115 3147 1175 3204 vim
1207 3146 1350 3206 tributam
1380 3167 1455 3228 osse,

340 3233 416 3291 alter
439 3243 533 3292 artem
557 3233 734 3294 rhetoricam
766 3245 897 3314 aposta
919 3237 1065 3312 originem
1093 3235 1213 3296 duxisse
1237 3257 1367 3317 eumque
1387 3257 1456 3297 con-

339 3321 417 3382 sulto
441 3323 499 3381 tria
521 3322 575 3381 ille
596 3342 710 3402 genera
733 3322 905 3384 distinxisse
928 3327 1068 3405 opinatus
1091 3321 1178 3405 est,⁴)
1209 3345 1248 3384 ex
1271 3346 1331 3407 qno
1355 3327 1456 3387 statim

339 3413 463 3472 stoicum
486 3414 634 3488 agnoscis,
675 3412 761 3488 Quod
777 3412 944 3474 Reinberdt
963 3413 1103 3474 disseruit
1118 3414 1155 3474 de
1178 3418 1326 3475 communi
1348 3417 1455 3476 utrius-

340 3519 400 3579 que
421 3501 513 3574 fonte,
546 3522 634 3582 quern
659 3503 828 3563 Aristotelis
852 3502 1041 3582 συναγωγὴν
1063 3509 1184 3580 τεχνῶν
1206 3505 1298 3566 άιίιεο
1321 3507 1455 3581 coniecit,

340 3592 453 3664 omitto,
479 3611 545 3650 cum
569 3592 656 3651 nimis
678 3594 823 3652 incertum
846 3594 898 3668 sit;
923 3605 1054 3654 ceterum
1078 3593 1116 3653 de
1130 3596 1223 3654 stoico
1240 3615 1360 3675 qnoque
1383 3615 1456 3676 quo-

340 3677 408 3738 dam
439 3680 547 3759 aliquis
578 3683 711 3758 cogitare
742 3678 875 3766 possitl)
935 3684 999 3744 Iam
1034 3692 1135 3742 autem
1170 3683 1299 3745 vidimus
1330 3685 1455 3746 eandem

430 3909 452 3978 ¹)
471 3909 617 3979 Συναγωγή
635 3910 747 3974 τεχνῶν,
767 3926 784 3979 p
814 3914 838 3966 7.

429 3997 502 4068 ”)cf.
522 3997 765 4066 sotularesque
788 3999 847 4053 vioe
872 3999 998 4056 Nestoris
1023 4006 1053 4056 et
1070 4001 1162 4056 Ulixis
1185 4019 1319 4071 personae
1343 4003 1374 4057 in
1392 4008 1455 4059 arto

338 4068 477 4124 rhetorica
499 4070 611 4125 functae
630 4070 734 4124 sint:
744 4073 1015 4127 commentationes·
1007 4089 1036 4127 ιιι
1054 4074 1184 4129 honorem
1202 4075 1233 4131 F.
1245 4075 1407 4131 Buecheleri
1425 4081 1455 4130 et

337 4138 372 4195 Η.
391 4140 510 4198 Useneri
529 4143 622 4197 editae
641 4159 659 4196 e
677 4141 811 4196 societate
827 4143 968 4214 philologa
985 4144 1133 4213 Bonnensi,
1153 4147 1230 4214 1873,
1248 4163 1275 4214 p.
1296 4149 1337 4201 12

428 4230 449 4301 ¹)
468 4231 503 4288 ct.
522 4231 601 4286 Brut.
621 4234 663 4300 12,
682 4233 725 4288 46.

426 4314 449 4389 ⁴)
467 4318 503 4374 of.
523 4318 618 4385 Quint.
636 4319 674 4387 ΙΙ,
694 4322 735 4390 17,
754 4320 779 4376 8.

427 4407 450 4478 ⁵)
466 4407 511 4462 Ex
529 4408 578 4478 eis,
598 4424 668 4478 qnae
680 4408 835 4466 Reinherdt
852 4414 912 4471 tum
931 4410 1045 4468 disserit
1065 4411 1099 4469 de
1117 4412 1243 4471 Platonis
1260 4414 1321 4470 loco
1335 4414 1452 4472 Phaedr.
