<?xml version="1.0" encoding="UTF-8"?>
<!DOCTYPE html PUBLIC "-//W3C//DTD XHTML 1.0 Transitional//EN"
    "http://www.w3.org/TR/xhtml1/DTD/xhtml1-transitional.dtd">
<html xmlns="http://www.w3.org/1999/xhtml" xml:lang="en" lang="en">
 <head>
  <title>
</title>
<meta http-equiv="Content-Type" content="text/html;charset=utf-8" />
  <meta name='ocr-system' content='tesseract 3.04.00' />
  <meta name='ocr-capabilities' content='ocr_page ocr_carea ocr_par ocr_line ocrx_word'/>
</head>
<body>
  <div class='ocr_page' id='page_1' title='image "./descholiisadhom00lehngoog_0089.png"; bbox 0 0 3390 5140; ppageno 0'>
   <div class='ocr_carea' id='block_1_1' title="bbox 810 496 1029 554">
    <p class='ocr_par' dir='ltr' id='par_1_1' title="bbox 810 496 1029 554">
     <span class='ocr_line' id='line_1_1' title="bbox 810 496 1029 554; baseline -0.032 -9"><span class='ocrx_word' id='word_1_1' title='bbox 810 496 1029 554; x_wconf 82' lang='grc'><strong>...84-</strong></span> 
     </span>
    </p>
   </div>
   <div class='ocr_carea' id='block_1_2' title="bbox 357 671 1480 2634">
    <p class='ocr_par' dir='ltr' id='par_1_2' title="bbox 359 671 1480 1362">
     <span class='ocr_line' id='line_1_2' title="bbox 451 671 1478 733; baseline -0.003 -1"><span class='ocrx_word' id='word_1_2' title='bbox 451 675 493 732; x_wconf 85' lang='lat' dir='ltr'><strong>At</strong></span> <span class='ocrx_word' id='word_1_3' title='bbox 516 673 573 732; x_wconf 88' lang='lat' dir='ltr'><strong>hac</strong></span> <span class='ocrx_word' id='word_1_4' title='bbox 595 675 646 732; x_wconf 88' lang='lat' dir='ltr'><strong>via</strong></span> <span class='ocrx_word' id='word_1_5' title='bbox 674 693 735 732; x_wconf 90' lang='lat' dir='ltr'><strong>non</strong></span> <span class='ocrx_word' id='word_1_6' title='bbox 763 673 911 732; x_wconf 80' lang='lat' dir='ltr'><strong>evincitur</strong></span> <span class='ocrx_word' id='word_1_7' title='bbox 934 671 1120 733; x_wconf 80' lang='lat' dir='ltr'><strong>Aristotelem</strong></span> <span class='ocrx_word' id='word_1_8' title='bbox 1150 673 1269 730; x_wconf 90' lang='lat' dir='ltr'><strong>omnino</strong></span> <span class='ocrx_word' id='word_1_9' title='bbox 1300 689 1360 732; x_wconf 90' lang='lat' dir='ltr'><strong>non</strong></span> <span class='ocrx_word' id='word_1_10' title='bbox 1386 671 1478 730; x_wconf 87' lang='lat' dir='ltr'><strong>fuisse</strong></span> 
     </span>
     <span class='ocr_line' id='line_1_3' title="bbox 360 758 1479 839; baseline -0.002 -17"><span class='ocrx_word' id='word_1_11' title='bbox 360 763 474 824; x_wconf 76' lang='lat' dir='ltr'><strong>fontem</strong></span> <span class='ocrx_word' id='word_1_12' title='bbox 496 763 674 822; x_wconf 73' lang='lat' dir='ltr'><strong>scholiorum</strong></span> <span class='ocrx_word' id='word_1_13' title='bbox 698 761 737 821; x_wconf 87' lang='lat' dir='ltr'><strong>ad</strong></span> <span class='ocrx_word' id='word_1_14' title='bbox 759 762 936 835; x_wconf 86' lang='lat' dir='ltr'><strong>Homerum,</strong></span> <span class='ocrx_word' id='word_1_15' title='bbox 969 782 1035 823; x_wconf 91' lang='lat' dir='ltr'><strong>cum</strong></span> <span class='ocrx_word' id='word_1_16' title='bbox 1063 761 1183 839; x_wconf 83' lang='lat' dir='ltr'><strong>singula</strong></span> <span class='ocrx_word' id='word_1_17' title='bbox 1211 780 1250 820; x_wconf 87' lang='lat' dir='ltr'><strong>ex</strong></span> <span class='ocrx_word' id='word_1_18' title='bbox 1273 758 1479 821; x_wconf 83' lang='lat' dir='ltr'><strong>diversissimis</strong></span> 
     </span>
     <span class='ocr_line' id='line_1_4' title="bbox 361 850 1479 931; baseline 0 -19"><span class='ocrx_word' id='word_1_19' title='bbox 361 852 495 913; x_wconf 83' lang='lat' dir='ltr'><strong>fontibus</strong></span> <span class='ocrx_word' id='word_1_20' title='bbox 528 851 706 912; x_wconf 74' lang='lat' dir='ltr'><strong>scholiastae</strong></span> <span class='ocrx_word' id='word_1_21' title='bbox 729 861 759 912; x_wconf 90' lang='lat' dir='ltr'><strong>et</strong></span> <span class='ocrx_word' id='word_1_22' title='bbox 786 852 907 912; x_wconf 89' lang='lat' dir='ltr'><strong>haurire</strong></span> <span class='ocrx_word' id='word_1_23' title='bbox 933 852 1086 931; x_wconf 88' lang='lat' dir='ltr'><strong>potuerint</strong></span> <span class='ocrx_word' id='word_1_24' title='bbox 1113 859 1142 911; x_wconf 90' lang='lat' dir='ltr'><strong>et</strong></span> <span class='ocrx_word' id='word_1_25' title='bbox 1164 871 1196 910; x_wconf 88' lang='lat' dir='ltr'><strong>re</strong></span> <span class='ocrx_word' id='word_1_26' title='bbox 1220 871 1294 910; x_wconf 86' lang='lat' dir='ltr'><strong>vera</strong></span> <span class='ocrx_word' id='word_1_27' title='bbox 1316 850 1479 912; x_wconf 81' lang='lat' dir='ltr'><strong>hauserint.</strong></span> 
     </span>
     <span class='ocr_line' id='line_1_5' title="bbox 361 939 1479 1022; baseline -0.003 -21"><span class='ocrx_word' id='word_1_28' title='bbox 361 944 410 1002; x_wconf 89' lang='lat' dir='ltr'><strong>Me</strong></span> <span class='ocrx_word' id='word_1_29' title='bbox 432 951 533 1002; x_wconf 86' lang='lat' dir='ltr'><strong>tamen</strong></span> <span class='ocrx_word' id='word_1_30' title='bbox 556 943 668 1022; x_wconf 90' lang='lat' dir='ltr'><strong>optimo</strong></span> <span class='ocrx_word' id='word_1_31' title='bbox 690 943 756 1002; x_wconf 92' lang='lat' dir='ltr'><strong>iure</strong></span> <span class='ocrx_word' id='word_1_32' title='bbox 780 940 960 1001; x_wconf 82' lang='lat' dir='ltr'><strong>contendere</strong></span> <span class='ocrx_word' id='word_1_33' title='bbox 976 941 1168 1002; x_wconf 84' lang='lat' dir='ltr'><strong>Aristotelem</strong></span> <span class='ocrx_word' id='word_1_34' title='bbox 1192 941 1223 1000; x_wconf 91' lang='lat' dir='ltr'><strong>in</strong></span> <span class='ocrx_word' id='word_1_35' title='bbox 1247 940 1366 1000; x_wconf 85' lang='lat' dir='ltr'><strong>scholiis</strong></span> <span class='ocrx_word' id='word_1_36' title='bbox 1388 939 1479 1020; x_wconf 86' lang='lat' dir='ltr'><strong>plane</strong></span> 
     </span>
     <span class='ocr_line' id='line_1_6' title="bbox 361 1028 1479 1108; baseline -0.004 -17"><span class='ocrx_word' id='word_1_37' title='bbox 361 1051 428 1091; x_wconf 85' lang='lat' dir='ltr'><strong>esse</strong></span> <span class='ocrx_word' id='word_1_38' title='bbox 457 1032 627 1108; x_wconf 81' lang='lat' dir='ltr'><strong>neglectum</strong></span> <span class='ocrx_word' id='word_1_39' title='bbox 659 1031 802 1105; x_wconf 87' lang='lat' dir='ltr'><strong>elucebit,</strong></span> <span class='ocrx_word' id='word_1_40' title='bbox 838 1033 863 1090; x_wconf 88' lang='lat' dir='ltr'><strong>si</strong></span> <span class='ocrx_word' id='word_1_41' title='bbox 894 1030 1106 1107; x_wconf 81' lang='lat' dir='ltr'><strong>aggrediemur</strong></span> <span class='ocrx_word' id='word_1_42' title='bbox 1135 1050 1243 1090; x_wconf 89' lang='lat' dir='ltr'><strong>munus</strong></span> <span class='ocrx_word' id='word_1_43' title='bbox 1274 1031 1306 1089; x_wconf 92' lang='lat' dir='ltr'><strong>in</strong></span> <span class='ocrx_word' id='word_1_44' title='bbox 1336 1028 1479 1090; x_wconf 87' lang='lat' dir='ltr'><strong>eiusmodi</strong></span> 
     </span>
     <span class='ocr_line' id='line_1_7' title="bbox 364 1119 1479 1201; baseline -0.003 -20"><span class='ocrx_word' id='word_1_45' title='bbox 364 1122 589 1201; x_wconf 89' lang='lat' dir='ltr'><strong>quaestionibus</strong></span> <span class='ocrx_word' id='word_1_46' title='bbox 612 1122 812 1193; x_wconf 90' lang='lat' dir='ltr'><strong>utilissimum,</strong></span> <span class='ocrx_word' id='word_1_47' title='bbox 836 1119 912 1194; x_wconf 89' lang='lat' dir='ltr'><strong>dico,</strong></span> <span class='ocrx_word' id='word_1_48' title='bbox 937 1122 962 1180; x_wconf 89' lang='lat' dir='ltr'><strong>si</strong></span> <span class='ocrx_word' id='word_1_49' title='bbox 985 1121 1067 1188; x_wconf 75' lang='lat' dir='ltr'><strong>ariis</strong></span> <span class='ocrx_word' id='word_1_50' title='bbox 1089 1121 1248 1193; x_wconf 75' lang='lat' dir='ltr'><strong>voeabula,</strong></span> <span class='ocrx_word' id='word_1_51' title='bbox 1277 1139 1356 1200; x_wconf 90' lang='lat' dir='ltr'><strong>quae</strong></span> <span class='ocrx_word' id='word_1_52' title='bbox 1380 1139 1479 1178; x_wconf 85' lang='lat' dir='ltr'><strong>occur-</strong></span> 
     </span>
     <span class='ocr_line' id='line_1_8' title="bbox 360 1209 1480 1292; baseline -0.001 -22"><span class='ocrx_word' id='word_1_53' title='bbox 360 1220 441 1292; x_wconf 84' lang='lat' dir='ltr'><strong>ruut,</strong></span> <span class='ocrx_word' id='word_1_54' title='bbox 466 1212 703 1272; x_wconf 78' lang='lat' dir='ltr'><strong>examinabimus</strong></span> <span class='ocrx_word' id='word_1_55' title='bbox 726 1220 757 1270; x_wconf 87' lang='lat' dir='ltr'><strong>et</strong></span> <span class='ocrx_word' id='word_1_56' title='bbox 781 1229 971 1290; x_wconf 84' lang='lat' dir='ltr'><strong>quaeremus,</strong></span> <span class='ocrx_word' id='word_1_57' title='bbox 1003 1230 1074 1269; x_wconf 89' lang='lat' dir='ltr'><strong>num</strong></span> <span class='ocrx_word' id='word_1_58' title='bbox 1098 1210 1151 1269; x_wconf 90' lang='lat' dir='ltr'><strong>illa</strong></span> <span class='ocrx_word' id='word_1_59' title='bbox 1174 1209 1278 1270; x_wconf 88' lang='lat' dir='ltr'><strong>eadem</strong></span> <span class='ocrx_word' id='word_1_60' title='bbox 1303 1211 1376 1288; x_wconf 91' lang='lat' dir='ltr'><strong>sint,</strong></span> <span class='ocrx_word' id='word_1_61' title='bbox 1401 1229 1480 1288; x_wconf 89' lang='lat' dir='ltr'><strong>quae</strong></span> 
     </span>
     <span class='ocr_line' id='line_1_9' title="bbox 359 1300 738 1362; baseline 0.003 -1"><span class='ocrx_word' id='word_1_62' title='bbox 359 1301 535 1362; x_wconf 83' lang='lat' dir='ltr'><strong>Aristoteles</strong></span> <span class='ocrx_word' id='word_1_63' title='bbox 558 1300 738 1362; x_wconf 84' lang='lat' dir='ltr'><strong>adhibuerit.</strong></span> 
     </span>
    </p>

    <p class='ocr_par' dir='ltr' id='par_1_3' title="bbox 357 1388 1480 2544">
     <span class='ocr_line' id='line_1_10' title="bbox 450 1388 1477 1467; baseline -0.001 -16"><span class='ocrx_word' id='word_1_64' title='bbox 450 1390 518 1466; x_wconf 82' lang='lat' dir='ltr'><strong>Qua</strong></span> <span class='ocrx_word' id='word_1_65' title='bbox 539 1391 571 1450; x_wconf 91' lang='lat' dir='ltr'><strong>in</strong></span> <span class='ocrx_word' id='word_1_66' title='bbox 594 1411 627 1451; x_wconf 93' lang='lat' dir='ltr'><strong>re</strong></span> <span class='ocrx_word' id='word_1_67' title='bbox 656 1399 756 1450; x_wconf 86' lang='lat' dir='ltr'><strong>tamen</strong></span> <span class='ocrx_word' id='word_1_68' title='bbox 785 1389 950 1449; x_wconf 84' lang='lat' dir='ltr'><strong>cavendum</strong></span> <span class='ocrx_word' id='word_1_69' title='bbox 979 1399 1037 1463; x_wconf 89' lang='lat' dir='ltr'><strong>est,</strong></span> <span class='ocrx_word' id='word_1_70' title='bbox 1069 1410 1108 1449; x_wconf 92' lang='lat' dir='ltr'><strong>ne</strong></span> <span class='ocrx_word' id='word_1_71' title='bbox 1131 1399 1242 1448; x_wconf 91' lang='lat' dir='ltr'><strong>temere</strong></span> <span class='ocrx_word' id='word_1_72' title='bbox 1272 1388 1477 1467; x_wconf 87' lang='lat' dir='ltr'><strong>procedamus.</strong></span> 
     </span>
     <span class='ocr_line' id='line_1_11' title="bbox 360 1479 1478 1564; baseline -0.001 -18"><span class='ocrx_word' id='word_1_73' title='bbox 360 1480 451 1539; x_wconf 88' lang='lat' dir='ltr'><strong>Initio</strong></span> <span class='ocrx_word' id='word_1_74' title='bbox 487 1482 575 1540; x_wconf 78' lang='lat' dir='ltr'><strong>enim·</strong></span> <span class='ocrx_word' id='word_1_75' title='bbox 599 1480 754 1548; x_wconf 80' lang='lat' dir='ltr'><strong>terminos</strong></span> <span class='ocrx_word' id='word_1_76' title='bbox 787 1481 939 1564; x_wconf 83' lang='lat' dir='ltr'><strong>quosdam</strong></span> <span class='ocrx_word' id='word_1_77' title='bbox 973 1501 1202 1552; x_wconf 80' lang='lat' dir='ltr'><strong>removeamus.</strong></span> <span class='ocrx_word' id='word_1_78' title='bbox 1239 1479 1350 1558; x_wconf 83' lang='lat' dir='ltr'><strong>quibus</strong></span> <span class='ocrx_word' id='word_1_79' title='bbox 1384 1481 1478 1558; x_wconf 87' lang='lat' dir='ltr'><strong>primo</strong></span> 
     </span>
     <span class='ocr_line' id='line_1_12' title="bbox 361 1567 1478 1649; baseline -0.004 -19"><span class='ocrx_word' id='word_1_80' title='bbox 361 1579 485 1649; x_wconf 87' lang='lat' dir='ltr'><strong>aspectu</strong></span> <span class='ocrx_word' id='word_1_81' title='bbox 524 1569 692 1630; x_wconf 90' lang='lat' dir='ltr'><strong>confirmari</strong></span> <span class='ocrx_word' id='word_1_82' title='bbox 725 1568 846 1637; x_wconf 83' lang='lat' dir='ltr'><strong>videtur</strong></span> <span class='ocrx_word' id='word_1_83' title='bbox 881 1567 1033 1630; x_wconf 89' lang='lat' dir='ltr'><strong>doctrinae</strong></span> <span class='ocrx_word' id='word_1_84' title='bbox 1067 1568 1265 1630; x_wconf 85' lang='lat' dir='ltr'><strong>Aristoteleae</strong></span> <span class='ocrx_word' id='word_1_85' title='bbox 1302 1568 1414 1628; x_wconf 88' lang='lat' dir='ltr'><strong>rivulos</strong></span> <span class='ocrx_word' id='word_1_86' title='bbox 1448 1569 1478 1626; x_wconf 91' lang='lat' dir='ltr'><strong>in</strong></span> 
     </span>
     <span class='ocr_line' id='line_1_13' title="bbox 360 1658 1480 1738; baseline 0.006 -20"><span class='ocrx_word' id='word_1_87' title='bbox 360 1659 473 1719; x_wconf 88' lang='lat' dir='ltr'><strong>scholia</strong></span> <span class='ocrx_word' id='word_1_88' title='bbox 489 1679 639 1736; x_wconf 79' lang='lat' dir='ltr'><strong>manasse3</strong></span> <span class='ocrx_word' id='word_1_89' title='bbox 664 1679 713 1719; x_wconf 90' lang='lat' dir='ltr'><strong>eos</strong></span> <span class='ocrx_word' id='word_1_90' title='bbox 737 1658 812 1734; x_wconf 89' lang='lat' dir='ltr'><strong>dico,</strong></span> <span class='ocrx_word' id='word_1_91' title='bbox 837 1660 893 1738; x_wconf 78' lang='lat' dir='ltr'><strong>qul</strong></span> <span class='ocrx_word' id='word_1_92' title='bbox 915 1660 1009 1728; x_wconf 81' lang='lat' dir='ltr'><strong>semel</strong></span> <span class='ocrx_word' id='word_1_93' title='bbox 1023 1661 1062 1726; x_wconf 86' lang='lat' dir='ltr'><strong>u&#39;u</strong></span> <span class='ocrx_word' id='word_1_94' title='bbox 1081 1680 1256 1726; x_wconf 79' lang='lat' dir='ltr'><strong>sermonem</strong></span> <span class='ocrx_word' id='word_1_95' title='bbox 1277 1659 1403 1732; x_wconf 80' lang='lat' dir='ltr'><strong>ludrtcle&#39;</strong></span> <span class='ocrx_word' id='word_1_96' title='bbox 1422 1677 1480 1718; x_wconf 72' lang='lat' dir='ltr'><strong>usu</strong></span> 
     </span>
     <span class='ocr_line' id='line_1_14' title="bbox 362 1748 1480 1833; baseline 0.006 -26"><span class='ocrx_word' id='word_1_97' title='bbox 362 1748 491 1829; x_wconf 87' lang='lat' dir='ltr'><strong>quodam</strong></span> <span class='ocrx_word' id='word_1_98' title='bbox 522 1748 668 1810; x_wconf 84' lang='lat' dir='ltr'><strong>rhetorico</strong></span> <span class='ocrx_word' id='word_1_99' title='bbox 699 1750 745 1816; x_wconf 87' lang='grc' dir='ltr'><strong><em>ι’ίο</em></strong></span> <span class='ocrx_word' id='word_1_100' title='bbox 770 1750 980 1833; x_wconf 79' lang='lat' dir='ltr'><strong>placuerunt,</strong></span> <span class='ocrx_word' id='word_1_101' title='bbox 1018 1756 1054 1816; x_wconf 84' lang='lat' dir='ltr'><strong>ut</strong></span> <span class='ocrx_word' id='word_1_102' title='bbox 1089 1750 1127 1816; x_wconf 84' lang='lat' dir='ltr'><strong>ub</strong></span> <span class='ocrx_word' id='word_1_103' title='bbox 1158 1750 1305 1816; x_wconf 82' lang='lat' dir='ltr'><strong>omuibus</strong></span> <span class='ocrx_word' id='word_1_104' title='bbox 1335 1749 1480 1816; x_wconf 81' lang='lat' dir='ltr'><strong>curulum</strong></span> 
     </span>
     <span class='ocr_line' id='line_1_15' title="bbox 361 1838 1480 1924; baseline -0.001 -20"><span class='ocrx_word' id='word_1_105' title='bbox 361 1845 501 1906; x_wconf 84' lang='lat' dir='ltr'><strong>actutum</strong></span> <span class='ocrx_word' id='word_1_106' title='bbox 523 1840 731 1924; x_wconf 81' lang='lat' dir='ltr'><strong>scriptoribus</strong></span> <span class='ocrx_word' id='word_1_107' title='bbox 757 1841 985 1923; x_wconf 75' lang='lat' dir='ltr'><strong>reciperentur.</strong></span> <span class='ocrx_word' id='word_1_108' title='bbox 1034 1838 1167 1914; x_wconf 80' lang='lat' dir='ltr'><strong>Quorum</strong></span> <span class='ocrx_word' id='word_1_109' title='bbox 1198 1841 1229 1896; x_wconf 88' lang='lat' dir='ltr'><strong>in</strong></span> <span class='ocrx_word' id='word_1_110' title='bbox 1256 1857 1380 1898; x_wconf 88' lang='lat' dir='ltr'><strong>numero</strong></span> <span class='ocrx_word' id='word_1_111' title='bbox 1410 1848 1480 1896; x_wconf 85' lang='lat' dir='ltr'><strong>sunt</strong></span> 
     </span>
     <span class='ocr_line' id='line_1_16' title="bbox 360 1919 1478 2010; baseline 0.001 -24"><span class='ocrx_word' id='word_1_112' title='bbox 360 1928 477 2006; x_wconf 83' lang='lat' dir='ltr'><strong>figurae</strong></span> <span class='ocrx_word' id='word_1_113' title='bbox 492 1927 666 2008; x_wconf 83' lang='lat' dir='ltr'><strong>Gorgiauae</strong></span> <span class='ocrx_word' id='word_1_114' title='bbox 682 1923 867 2007; x_wconf 72' lang='grc' dir='ltr'><strong><em>(ἀντίθετον,</em></strong></span> <span class='ocrx_word' id='word_1_115' title='bbox 890 1924 1139 2002; x_wconf 79' lang='grc' dir='ltr'><strong><em>ὁμοιοτὲλεντον,</em></strong></span> <span class='ocrx_word' id='word_1_116' title='bbox 1161 1924 1319 2010; x_wconf 84' lang='grc' dir='ltr'><strong><em>πάρισον),</em></strong></span> <span class='ocrx_word' id='word_1_117' title='bbox 1344 1919 1478 2004; x_wconf 73' lang='grc' dir='ltr'><strong><em>αὔξησις,</em></strong></span> 
     </span>
     <span class='ocr_line' id='line_1_17' title="bbox 357 2010 1478 2102; baseline 0 -24"><span class='ocrx_word' id='word_1_118' title='bbox 357 2016 466 2090; x_wconf 80' lang='grc' dir='ltr'><strong><em>εἰκών,</em></strong></span> <span class='ocrx_word' id='word_1_119' title='bbox 502 2014 686 2102; x_wconf 60' lang='lat' dir='ltr'><strong>succretust)</strong></span> <span class='ocrx_word' id='word_1_120' title='bbox 716 2010 808 2098; x_wconf 74' lang='grc' dir='ltr'><strong><em>ἦθος,</em></strong></span> <span class='ocrx_word' id='word_1_121' title='bbox 844 2013 976 2096; x_wconf 74' lang='grc' dir='ltr'><strong><em>ἠθικῶς,</em></strong></span> <span class='ocrx_word' id='word_1_122' title='bbox 1010 2015 1083 2096; x_wconf 71' lang='grc' dir='ltr'><strong><em>ἡδύ,</em></strong></span> <span class='ocrx_word' id='word_1_123' title='bbox 1119 2013 1299 2096; x_wconf 75' lang='grc' dir='ltr'><strong><em>παραβολὴ,</em></strong></span> <span class='ocrx_word' id='word_1_124' title='bbox 1331 2013 1478 2090; x_wconf 75' lang='grc' dir='ltr'><strong><em>πιθανόν,</em></strong></span> 
     </span>
     <span class='ocr_line' id='line_1_18' title="bbox 360 2102 1479 2188; baseline 0 -20"><span class='ocrx_word' id='word_1_125' title='bbox 360 2102 505 2168; x_wconf 82' lang='grc' dir='ltr'><strong><em>ὑπόνοια.</em></strong></span> <span class='ocrx_word' id='word_1_126' title='bbox 552 2109 660 2188; x_wconf 86' lang='lat' dir='ltr'><strong>Neque</strong></span> <span class='ocrx_word' id='word_1_127' title='bbox 683 2128 721 2169; x_wconf 87' lang='lat' dir='ltr'><strong>ex</strong></span> <span class='ocrx_word' id='word_1_128' title='bbox 744 2109 796 2166; x_wconf 93' lang='lat' dir='ltr'><strong>illo</strong></span> <span class='ocrx_word' id='word_1_129' title='bbox 820 2107 923 2167; x_wconf 88' lang='lat' dir='ltr'><strong>ordine</strong></span> <span class='ocrx_word' id='word_1_130' title='bbox 947 2107 1142 2184; x_wconf 86' lang='lat' dir='ltr'><strong>excipiendae</strong></span> <span class='ocrx_word' id='word_1_131' title='bbox 1166 2119 1234 2166; x_wconf 89' lang='lat' dir='ltr'><strong>eunt</strong></span> <span class='ocrx_word' id='word_1_132' title='bbox 1258 2126 1346 2168; x_wconf 85' lang='lat' dir='ltr'><strong>voces</strong></span> <span class='ocrx_word' id='word_1_133' title='bbox 1370 2104 1479 2184; x_wconf 80' lang='grc' dir='ltr'><strong><em>γνώμη</em></strong></span> 
     </span>
     <span class='ocr_line' id='line_1_19' title="bbox 361 2194 1480 2278; baseline 0 -23"><span class='ocrx_word' id='word_1_134' title='bbox 361 2207 391 2255; x_wconf 91' lang='lat' dir='ltr'><strong>et</strong></span> <span class='ocrx_word' id='word_1_135' title='bbox 414 2194 557 2274; x_wconf 76' lang='grc' dir='ltr'><strong><em>ψυχρόν,</em></strong></span> <span class='ocrx_word' id='word_1_136' title='bbox 590 2218 716 2278; x_wconf 88' lang='lat' dir='ltr'><strong>quarum</strong></span> <span class='ocrx_word' id='word_1_137' title='bbox 748 2196 785 2254; x_wconf 92' lang='lat' dir='ltr'><strong>de</strong></span> <span class='ocrx_word' id='word_1_138' title='bbox 813 2207 921 2256; x_wconf 89' lang='lat' dir='ltr'><strong>natura</strong></span> <span class='ocrx_word' id='word_1_139' title='bbox 943 2198 1119 2257; x_wconf 85' lang='lat' dir='ltr'><strong>Aristoteles</strong></span> <span class='ocrx_word' id='word_1_140' title='bbox 1147 2198 1284 2277; x_wconf 87' lang='lat' dir='ltr'><strong>proprias</strong></span> <span class='ocrx_word' id='word_1_141' title='bbox 1313 2198 1480 2276; x_wconf 88' lang='lat' dir='ltr'><strong>composuit</strong></span> 
     </span>
     <span class='ocr_line' id='line_1_20' title="bbox 361 2286 1479 2367; baseline 0.001 -22"><span class='ocrx_word' id='word_1_142' title='bbox 361 2289 601 2346; x_wconf 84' lang='lat' dir='ltr'><strong>narratiunculas</strong></span> <span class='ocrx_word' id='word_1_143' title='bbox 617 2286 692 2346; x_wconf 86' lang='lat' dir='ltr'><strong>rhet.</strong></span> <span class='ocrx_word' id='word_1_144' title='bbox 710 2286 749 2362; x_wconf 90' lang='lat' dir='ltr'><strong>ll,</strong></span> <span class='ocrx_word' id='word_1_145' title='bbox 769 2289 807 2346; x_wconf 86' lang='lat'><strong>21</strong></span> <span class='ocrx_word' id='word_1_146' title='bbox 826 2296 857 2344; x_wconf 91' lang='lat' dir='ltr'><strong>et</strong></span> <span class='ocrx_word' id='word_1_147' title='bbox 878 2286 935 2360; x_wconf 91' lang='lat' dir='ltr'><strong>III,</strong></span> <span class='ocrx_word' id='word_1_148' title='bbox 962 2290 990 2360; x_wconf 87' lang='lat'><strong>3,</strong></span> <span class='ocrx_word' id='word_1_149' title='bbox 1016 2286 1095 2366; x_wconf 91' lang='lat' dir='ltr'><strong>quod</strong></span> <span class='ocrx_word' id='word_1_150' title='bbox 1112 2307 1210 2367; x_wconf 88' lang='lat' dir='ltr'><strong>aeque</strong></span> <span class='ocrx_word' id='word_1_151' title='bbox 1224 2287 1308 2346; x_wconf 83' lang='lat' dir='ltr'><strong>valet</strong></span> <span class='ocrx_word' id='word_1_152' title='bbox 1331 2286 1368 2346; x_wconf 90' lang='lat' dir='ltr'><strong>de</strong></span> <span class='ocrx_word' id='word_1_153' title='bbox 1389 2306 1479 2358; x_wconf 85' lang='grc' dir='ltr'><strong><em>μετα-</em></strong></span> 
     </span>
     <span class='ocr_line' id='line_1_21' title="bbox 357 2370 1479 2457; baseline -0.001 -20"><span class='ocrx_word' id='word_1_154' title='bbox 357 2372 445 2454; x_wconf 84' lang='grc' dir='ltr'><strong><em>φορά</em></strong></span> <span class='ocrx_word' id='word_1_155' title='bbox 469 2385 499 2434; x_wconf 90' lang='lat' dir='ltr'><strong>et</strong></span> <span class='ocrx_word' id='word_1_156' title='bbox 522 2370 690 2452; x_wconf 77' lang='grc' dir='ltr'><strong><em>ὑπερβολή,</em></strong></span> <span class='ocrx_word' id='word_1_157' title='bbox 715 2393 841 2454; x_wconf 91' lang='lat' dir='ltr'><strong>quorum</strong></span> <span class='ocrx_word' id='word_1_158' title='bbox 865 2384 1018 2454; x_wconf 89' lang='lat' dir='ltr'><strong>troporum</strong></span> <span class='ocrx_word' id='word_1_159' title='bbox 1041 2378 1103 2434; x_wconf 90' lang='lat' dir='ltr'><strong>vim</strong></span> <span class='ocrx_word' id='word_1_160' title='bbox 1124 2387 1216 2457; x_wconf 88' lang='lat' dir='ltr'><strong>atque</strong></span> <span class='ocrx_word' id='word_1_161' title='bbox 1232 2397 1318 2437; x_wconf 88' lang='lat' dir='ltr'><strong>usum</strong></span> <span class='ocrx_word' id='word_1_162' title='bbox 1334 2377 1479 2455; x_wconf 85' lang='lat' dir='ltr'><strong>exemplis</strong></span> 
     </span>
     <span class='ocr_line' id='line_1_22' title="bbox 360 2464 906 2544; baseline 0 -20"><span class='ocrx_word' id='word_1_163' title='bbox 360 2466 399 2524; x_wconf 86' lang='lat' dir='ltr'><strong>ab</strong></span> <span class='ocrx_word' id='word_1_164' title='bbox 421 2464 551 2525; x_wconf 89' lang='lat' dir='ltr'><strong>Homero</strong></span> <span class='ocrx_word' id='word_1_165' title='bbox 574 2465 675 2544; x_wconf 88' lang='lat' dir='ltr'><strong>petitis</strong></span> <span class='ocrx_word' id='word_1_166' title='bbox 698 2464 906 2544; x_wconf 58' lang='lat' dir='ltr'><strong>illustrarim).</strong></span> 
     </span>
    </p>

    <p class='ocr_par' dir='ltr' id='par_1_4' title="bbox 449 2554 1479 2634">
     <span class='ocr_line' id='line_1_23' title="bbox 449 2554 1479 2634; baseline 0.003 -22"><span class='ocrx_word' id='word_1_167' title='bbox 449 2554 560 2613; x_wconf 86' lang='lat' dir='ltr'><strong>lilorum</strong></span> <span class='ocrx_word' id='word_1_168' title='bbox 584 2563 698 2628; x_wconf 88' lang='lat' dir='ltr'><strong>autem,</strong></span> <span class='ocrx_word' id='word_1_169' title='bbox 731 2574 810 2634; x_wconf 89' lang='lat' dir='ltr'><strong>quae</strong></span> <span class='ocrx_word' id='word_1_170' title='bbox 839 2555 876 2614; x_wconf 87' lang='lat' dir='ltr'><strong>ad</strong></span> <span class='ocrx_word' id='word_1_171' title='bbox 900 2566 1034 2617; x_wconf 90' lang='lat' dir='ltr'><strong>nostrum</strong></span> <span class='ocrx_word' id='word_1_172' title='bbox 1057 2556 1146 2616; x_wconf 88' lang='lat' dir='ltr'><strong>finem</strong></span> <span class='ocrx_word' id='word_1_173' title='bbox 1171 2557 1365 2628; x_wconf 84' lang='lat' dir='ltr'><strong>conveniunt,</strong></span> <span class='ocrx_word' id='word_1_174' title='bbox 1398 2554 1479 2615; x_wconf 88' lang='lat' dir='ltr'><strong>haud</strong></span> 
     </span>
    </p>
   </div>
   <div class='ocr_carea' id='block_1_3' title="bbox 360 2640 1479 3628">
    <p class='ocr_par' dir='ltr' id='par_1_5' title="bbox 360 2640 1479 3442">
     <span class='ocr_line' id='line_1_24' title="bbox 360 2640 1478 2730; baseline 0.009 -28"><span class='ocrx_word' id='word_1_175' title='bbox 360 2662 458 2722; x_wconf 85' lang='lat' dir='ltr'><strong>pauca</strong></span> <span class='ocrx_word' id='word_1_176' title='bbox 480 2654 641 2724; x_wconf 84' lang='lat' dir='ltr'><strong>supersunt</strong></span> <span class='ocrx_word' id='word_1_177' title='bbox 664 2640 750 2730; x_wconf 85' lang='grc'><strong><em>(39),</em></strong></span> <span class='ocrx_word' id='word_1_178' title='bbox 782 2666 863 2728; x_wconf 80' lang='lat' dir='ltr'><strong>quae</strong></span> <span class='ocrx_word' id='word_1_179' title='bbox 890 2646 928 2712; x_wconf 86' lang='lat' dir='ltr'><strong>r&#39;u</strong></span> <span class='ocrx_word' id='word_1_180' title='bbox 951 2646 1080 2713; x_wconf 76' lang='lat' dir='ltr'><strong>scholiis</strong></span> <span class='ocrx_word' id='word_1_181' title='bbox 1102 2667 1171 2714; x_wconf 88' lang='lat' dir='ltr'><strong>ucu</strong></span> <span class='ocrx_word' id='word_1_182' title='bbox 1194 2667 1269 2714; x_wconf 88' lang='lat' dir='ltr'><strong>rure</strong></span> <span class='ocrx_word' id='word_1_183' title='bbox 1293 2651 1478 2727; x_wconf 81' lang='lat' dir='ltr'><strong>occurrunt,</strong></span> 
     </span>
     <span class='ocr_line' id='line_1_25' title="bbox 361 2733 1479 2821; baseline 0.007 -21"><span class='ocrx_word' id='word_1_184' title='bbox 361 2735 448 2818; x_wconf 77' lang='lat' dir='ltr'><strong>uprrd</strong></span> <span class='ocrx_word' id='word_1_185' title='bbox 462 2733 662 2801; x_wconf 83' lang='lat' dir='ltr'><strong>Aristotelem</strong></span> <span class='ocrx_word' id='word_1_186' title='bbox 685 2739 790 2802; x_wconf 83' lang='lat' dir='ltr'><strong>autem</strong></span> <span class='ocrx_word' id='word_1_187' title='bbox 811 2737 943 2802; x_wconf 84' lang='lat' dir='ltr'><strong>ouruiuo</strong></span> <span class='ocrx_word' id='word_1_188' title='bbox 962 2738 1090 2821; x_wconf 71' lang='lat' dir='ltr'><strong>frustra</strong></span> <span class='ocrx_word' id='word_1_189' title='bbox 1109 2742 1322 2820; x_wconf 74' lang='lat' dir='ltr'><strong>quaereretur,</strong></span> <span class='ocrx_word' id='word_1_190' title='bbox 1347 2733 1382 2794; x_wconf 74' lang='lat' dir='ltr'><strong>id&#39;</strong></span> <span class='ocrx_word' id='word_1_191' title='bbox 1398 2734 1479 2814; x_wconf 75' lang='lat' dir='ltr'><strong>q¹1⁰d</strong></span> 
     </span>
     <span class='ocr_line' id='line_1_26' title="bbox 362 2819 1479 2904; baseline 0.003 -23"><span class='ocrx_word' id='word_1_192' title='bbox 362 2834 440 2882; x_wconf 88' lang='lat' dir='ltr'><strong>certe</strong></span> <span class='ocrx_word' id='word_1_193' title='bbox 464 2843 522 2882; x_wconf 87' lang='lat' dir='ltr'><strong>non</strong></span> <span class='ocrx_word' id='word_1_194' title='bbox 546 2825 621 2883; x_wconf 92' lang='lat' dir='ltr'><strong>nihil</strong></span> <span class='ocrx_word' id='word_1_195' title='bbox 643 2824 733 2886; x_wconf 84' lang='lat' dir='ltr'><strong>velet.</strong></span> <span class='ocrx_word' id='word_1_196' title='bbox 781 2823 858 2884; x_wconf 85' lang='lat' dir='ltr'><strong>Sunt</strong></span> <span class='ocrx_word' id='word_1_197' title='bbox 880 2835 981 2885; x_wconf 91' lang='lat' dir='ltr'><strong>autem</strong></span> <span class='ocrx_word' id='word_1_198' title='bbox 1003 2826 1092 2888; x_wconf 91' lang='lat' dir='ltr'><strong>haec:</strong></span> <span class='ocrx_word' id='word_1_199' title='bbox 1125 2821 1375 2904; x_wconf 74' lang='grc' dir='ltr'><strong><em>ἀντιπαράθεσις,</em></strong></span> <span class='ocrx_word' id='word_1_200' title='bbox 1402 2819 1479 2884; x_wconf 83' lang='grc' dir='ltr'><strong><em>ἀπο-</em></strong></span> 
     </span>
     <span class='ocr_line' id='line_1_27' title="bbox 361 2909 1479 2992; baseline 0.001 -20"><span class='ocrx_word' id='word_1_201' title='bbox 361 2911 519 2990; x_wconf 81' lang='grc' dir='ltr'><strong><em>σιώπησις,</em></strong></span> <span class='ocrx_word' id='word_1_202' title='bbox 549 2909 746 2991; x_wconf 76' lang='grc' dir='ltr'><strong><em>ἀποστροφή,</em></strong></span> <span class='ocrx_word' id='word_1_203' title='bbox 772 2914 1003 2992; x_wconf 74' lang='grc' dir='ltr'><strong><em>ὁεντερολογία,</em></strong></span> <span class='ocrx_word' id='word_1_204' title='bbox 1034 2917 1223 2991; x_wconf 77' lang='grc' dir='ltr'><strong><em>ὃιττολογία,</em></strong></span> <span class='ocrx_word' id='word_1_205' title='bbox 1248 2911 1407 2992; x_wconf 71' lang='grc' dir='ltr'><strong><em>ἑκφρασις,</em></strong></span> <span class='ocrx_word' id='word_1_206' title='bbox 1432 2912 1479 2973; x_wconf 82' lang='grc' dir='ltr'><strong>ἐ-</strong></span> 
     </span>
     <span class='ocr_line' id='line_1_28' title="bbox 362 2997 1479 3087; baseline 0 -24"><span class='ocrx_word' id='word_1_207' title='bbox 362 2999 513 3080; x_wconf 82' lang='grc' dir='ltr'><strong><em>φώνησις,</em></strong></span> <span class='ocrx_word' id='word_1_208' title='bbox 545 3000 744 3080; x_wconf 76' lang='grc' dir='ltr'><strong><em>ἐπιφώνημα,</em></strong></span> <span class='ocrx_word' id='word_1_209' title='bbox 777 2997 967 3087; x_wconf 58' lang='lat' dir='ltr'><strong>docueruut)</strong></span> <span class='ocrx_word' id='word_1_210' title='bbox 997 3001 1187 3082; x_wconf 82' lang='grc' dir='ltr'><strong><em>κακόζηλον,</em></strong></span> <span class='ocrx_word' id='word_1_211' title='bbox 1213 3001 1362 3086; x_wconf 49' lang='grc' dir='ltr'><strong>κόμμαβ)</strong></span> <span class='ocrx_word' id='word_1_212' title='bbox 1393 3008 1479 3081; x_wconf 86' lang='grc' dir='ltr'><strong><em>λελη-</em></strong></span> 
     </span>
     <span class='ocr_line' id='line_1_29' title="bbox 360 3088 1478 3174; baseline 0.003 -23"><span class='ocrx_word' id='word_1_213' title='bbox 360 3088 476 3164; x_wconf 73' lang='grc' dir='ltr'><strong><em>θότως,</em></strong></span> <span class='ocrx_word' id='word_1_214' title='bbox 501 3097 712 3168; x_wconf 73' lang='grc' dir='ltr'><strong><em>λεπτολογεῖν,</em></strong></span> <span class='ocrx_word' id='word_1_215' title='bbox 736 3097 926 3174; x_wconf 80' lang='grc' dir='ltr'><strong><em>μετωνυμία,</em></strong></span> <span class='ocrx_word' id='word_1_216' title='bbox 949 3088 1178 3168; x_wconf 82' lang='grc' dir='ltr'><strong><em>ὃμοιὸπτιοτον,</em></strong></span> <span class='ocrx_word' id='word_1_217' title='bbox 1200 3099 1478 3171; x_wconf 81' lang='grc' dir='ltr'><strong><em>παρετυμολογεῖν,</em></strong></span> 
     </span>
     <span class='ocr_line' id='line_1_30' title="bbox 361 3178 1478 3262; baseline 0.004 -23"><span class='ocrx_word' id='word_1_218' title='bbox 361 3179 519 3258; x_wconf 76' lang='grc' dir='ltr'><strong><em>παρολκὴ,</em></strong></span> <span class='ocrx_word' id='word_1_219' title='bbox 542 3186 773 3260; x_wconf 81' lang='grc' dir='ltr'><strong><em>παρονομασία,</em></strong></span> <span class='ocrx_word' id='word_1_220' title='bbox 796 3178 961 3261; x_wconf 76' lang='grc' dir='ltr'><strong><em>περικοπή,</em></strong></span> <span class='ocrx_word' id='word_1_221' title='bbox 985 3188 1179 3260; x_wconf 82' lang='grc' dir='ltr'><strong><em>περίφρασις,</em></strong></span> <span class='ocrx_word' id='word_1_222' title='bbox 1206 3179 1478 3262; x_wconf 82' lang='grc' dir='ltr'><strong><em>προαναφώνησις,</em></strong></span> 
     </span>
     <span class='ocr_line' id='line_1_31' title="bbox 361 3270 1479 3352; baseline 0.003 -22"><span class='ocrx_word' id='word_1_223' title='bbox 361 3270 555 3348; x_wconf 59' lang='lat' dir='ltr'><strong>apotastare,</strong></span> <span class='ocrx_word' id='word_1_224' title='bbox 587 3271 837 3350; x_wconf 84' lang='grc' dir='ltr'><strong><em>προκατασκενὴ,</em></strong></span> <span class='ocrx_word' id='word_1_225' title='bbox 868 3278 1122 3350; x_wconf 83' lang='grc' dir='ltr'><strong><em>προσωποποιία,</em></strong></span> <span class='ocrx_word' id='word_1_226' title='bbox 1155 3271 1345 3352; x_wconf 83' lang='grc' dir='ltr'><strong><em>σαρκασμός,</em></strong></span> <span class='ocrx_word' id='word_1_227' title='bbox 1374 3287 1479 3333; x_wconf 83' lang='grc' dir='ltr'><strong><em>σννεκ·</em></strong></span> 
     </span>
     <span class='ocr_line' id='line_1_32' title="bbox 362 3355 1242 3442; baseline 0.007 -22"><span class='ocrx_word' id='word_1_228' title='bbox 362 3356 451 3438; x_wconf 75' lang='grc' dir='ltr'><strong><em>ὄοχὴ,</em></strong></span> <span class='ocrx_word' id='word_1_229' title='bbox 476 3365 676 3438; x_wconf 77' lang='grc' dir='ltr'><strong><em>ταυτολογία,</em></strong></span> <span class='ocrx_word' id='word_1_230' title='bbox 700 3358 897 3440; x_wconf 82' lang='grc' dir='ltr'><strong><em>ὑπεξαίρεσις,</em></strong></span> <span class='ocrx_word' id='word_1_231' title='bbox 922 3355 1054 3442; x_wconf 74' lang='grc' dir='ltr'><strong><em>ὕστερον</em></strong></span> <span class='ocrx_word' id='word_1_232' title='bbox 1076 3361 1242 3442; x_wconf 79' lang='grc' dir='ltr'><strong><em>πρότερον.</em></strong></span> 
     </span>
    </p>

    <p class='ocr_par' dir='ltr' id='par_1_6' title="bbox 361 3451 1479 3628">
     <span class='ocr_line' id='line_1_33' title="bbox 450 3451 1479 3532; baseline 0.003 -23"><span class='ocrx_word' id='word_1_233' title='bbox 450 3451 574 3510; x_wconf 89' lang='lat' dir='ltr'><strong>lamiam</strong></span> <span class='ocrx_word' id='word_1_234' title='bbox 605 3451 656 3532; x_wconf 79' lang='lat' dir='ltr'><strong>ad¹</strong></span> <span class='ocrx_word' id='word_1_235' title='bbox 675 3453 806 3532; x_wconf 86' lang='lat' dir='ltr'><strong>reliquos</strong></span> <span class='ocrx_word' id='word_1_236' title='bbox 837 3454 978 3512; x_wconf 85' lang='lat' dir='ltr'><strong>terminos</strong></span> <span class='ocrx_word' id='word_1_237' title='bbox 1010 3456 1179 3514; x_wconf 87' lang='lat' dir='ltr'><strong>transituris</strong></span> <span class='ocrx_word' id='word_1_238' title='bbox 1210 3455 1300 3512; x_wconf 91' lang='lat' dir='ltr'><strong>liceat</strong></span> <span class='ocrx_word' id='word_1_239' title='bbox 1329 3453 1386 3512; x_wconf 92' lang='lat' dir='ltr'><strong>hoc</strong></span> <span class='ocrx_word' id='word_1_240' title='bbox 1416 3453 1479 3512; x_wconf 88' lang='lat' dir='ltr'><strong>loco</strong></span> 
     </span>
     <span class='ocr_line' id='line_1_34' title="bbox 361 3540 1479 3628; baseline 0.004 -30"><span class='ocrx_word' id='word_1_241' title='bbox 361 3540 466 3619; x_wconf 89' lang='lat' dir='ltr'><strong>paucis</strong></span> <span class='ocrx_word' id='word_1_242' title='bbox 482 3560 574 3618; x_wconf 83' lang='lat' dir='ltr'><strong>agere</strong></span> <span class='ocrx_word' id='word_1_243' title='bbox 591 3541 627 3601; x_wconf 90' lang='lat' dir='ltr'><strong>de</strong></span> <span class='ocrx_word' id='word_1_244' title='bbox 643 3544 687 3601; x_wconf 90' lang='lat' dir='ltr'><strong>eis</strong></span> <span class='ocrx_word' id='word_1_245' title='bbox 702 3543 839 3615; x_wconf 76' lang='lat' dir='ltr'><strong>uocibus,</strong></span> <span class='ocrx_word' id='word_1_246' title='bbox 857 3562 932 3622; x_wconf 89' lang='lat' dir='ltr'><strong>quas</strong></span> <span class='ocrx_word' id='word_1_247' title='bbox 947 3542 1154 3622; x_wconf 81' lang='lat' dir='ltr'><strong>Hermogenes</strong></span> <span class='ocrx_word' id='word_1_248' title='bbox 1169 3542 1307 3602; x_wconf 91' lang='lat' dir='ltr'><strong>adhibuit</strong></span> <span class='ocrx_word' id='word_1_249' title='bbox 1322 3544 1364 3610; x_wconf 80' lang='lat' dir='ltr'><strong>ud</strong></span> <span class='ocrx_word' id='word_1_250' title='bbox 1379 3543 1479 3628; x_wconf 74' lang='lat' dir='ltr'><strong>siqui·</strong></span> 
     </span>
    </p>
   </div>
   <div class='ocr_carea' id='block_1_4' title="bbox 361 3731 1480 4584">
    <p class='ocr_par' dir='ltr' id='par_1_7' title="bbox 362 3731 1479 3946">
     <span class='ocr_line' id='line_1_35' title="bbox 453 3731 1479 3801; baseline 0.002 -15"><span class='ocrx_word' id='word_1_251' title='bbox 453 3733 476 3801; x_wconf 79' lang='lat'><strong>¹)</strong></span> <span class='ocrx_word' id='word_1_252' title='bbox 493 3731 552 3787; x_wconf 89' lang='lat' dir='ltr'><strong>Usu</strong></span> <span class='ocrx_word' id='word_1_253' title='bbox 563 3733 702 3788; x_wconf 87' lang='lat' dir='ltr'><strong>rhetorico</strong></span> <span class='ocrx_word' id='word_1_254' title='bbox 720 3734 794 3801; x_wconf 89' lang='lat' dir='ltr'><strong>apud</strong></span> <span class='ocrx_word' id='word_1_255' title='bbox 807 3733 986 3790; x_wconf 86' lang='lat' dir='ltr'><strong>Aristotelem</strong></span> <span class='ocrx_word' id='word_1_256' title='bbox 1001 3734 1153 3789; x_wconf 88' lang='lat' dir='ltr'><strong>adhibitam</strong></span> <span class='ocrx_word' id='word_1_257' title='bbox 1170 3734 1248 3789; x_wconf 89' lang='lat' dir='ltr'><strong>illam</strong></span> <span class='ocrx_word' id='word_1_258' title='bbox 1261 3751 1357 3791; x_wconf 81' lang='lat' dir='ltr'><strong>vocem</strong></span> <span class='ocrx_word' id='word_1_259' title='bbox 1369 3741 1479 3790; x_wconf 86' lang='lat' dir='ltr'><strong>tantum</strong></span> 
     </span>
     <span class='ocr_line' id='line_1_36' title="bbox 362 3803 1479 3876; baseline 0.005 -21"><span class='ocrx_word' id='word_1_260' title='bbox 362 3803 458 3858; x_wconf 84' lang='lat' dir='ltr'><strong>inveni</strong></span> <span class='ocrx_word' id='word_1_261' title='bbox 476 3805 547 3860; x_wconf 90' lang='lat' dir='ltr'><strong>rhet.</strong></span> <span class='ocrx_word' id='word_1_262' title='bbox 567 3805 619 3872; x_wconf 91' lang='lat'><strong>111,</strong></span> <span class='ocrx_word' id='word_1_263' title='bbox 640 3808 681 3873; x_wconf 89' lang='lat'><strong>19,</strong></span> <span class='ocrx_word' id='word_1_264' title='bbox 703 3807 771 3859; x_wconf 85' lang='lat'>1419</span> <span class='ocrx_word' id='word_1_265' title='bbox 783 3805 809 3873; x_wconf 93' lang='lat' dir='ltr'><strong>b,</strong></span> <span class='ocrx_word' id='word_1_266' title='bbox 830 3809 859 3874; x_wconf 81' lang='lat'><strong>73</strong></span> <span class='ocrx_word' id='word_1_267' title='bbox 880 3807 949 3861; x_wconf 78' lang='lat'>1420</span> <span class='ocrx_word' id='word_1_268' title='bbox 967 3823 997 3874; x_wconf 89' lang='lat' dir='ltr'><strong>a,</strong></span> <span class='ocrx_word' id='word_1_269' title='bbox 1020 3808 1046 3876; x_wconf 76' lang='lat'><strong>1,</strong></span> <span class='ocrx_word' id='word_1_270' title='bbox 1071 3806 1232 3875; x_wconf 86' lang='lat' dir='ltr'><strong>saepissime</strong></span> <span class='ocrx_word' id='word_1_271' title='bbox 1252 3812 1350 3864; x_wconf 88' lang='lat' dir='ltr'><strong>contra</strong></span> <span class='ocrx_word' id='word_1_272' title='bbox 1367 3807 1479 3864; x_wconf 88' lang='lat' dir='ltr'><strong>notione</strong></span> 
     </span>
     <span class='ocr_line' id='line_1_37' title="bbox 362 3874 1162 3946; baseline 0 -18"><span class='ocrx_word' id='word_1_273' title='bbox 362 3874 411 3929; x_wconf 86' lang='lat' dir='ltr'><strong>illa</strong></span> <span class='ocrx_word' id='word_1_274' title='bbox 430 3875 521 3930; x_wconf 85' lang='lat' dir='ltr'><strong>ethice</strong></span> <span class='ocrx_word' id='word_1_275' title='bbox 539 3877 653 3946; x_wconf 84' lang='lat' dir='ltr'><strong>legitur,</strong></span> <span class='ocrx_word' id='word_1_276' title='bbox 673 3892 727 3944; x_wconf 89' lang='lat' dir='ltr'><strong>qua</strong></span> <span class='ocrx_word' id='word_1_277' title='bbox 745 3883 790 3932; x_wconf 87' lang='lat' dir='ltr'><strong>est</strong></span> <span class='ocrx_word' id='word_1_278' title='bbox 809 3879 980 3932; x_wconf 88' lang='lat' dir='ltr'><strong>eontrarium</strong></span> <span class='ocrx_word' id='word_1_279' title='bbox 999 3875 1162 3940; x_wconf 74' lang='grc' dir='ltr'><strong><em>ἀλαζονείας.</em></strong></span> 
     </span>
    </p>

    <p class='ocr_par' dir='ltr' id='par_1_8' title="bbox 361 3947 1479 4160">
     <span class='ocr_line' id='line_1_38' title="bbox 453 3947 1479 4018; baseline 0.003 -16"><span class='ocrx_word' id='word_1_280' title='bbox 453 3947 473 4016; x_wconf 71' lang='lat'><strong>⁹)</strong></span> <span class='ocrx_word' id='word_1_281' title='bbox 493 3949 623 4002; x_wconf 83' lang='lat' dir='ltr'><strong>Ceterum</strong></span> <span class='ocrx_word' id='word_1_282' title='bbox 650 3949 828 4018; x_wconf 84' lang='lat' dir='ltr'><strong>metaphoras</strong></span> <span class='ocrx_word' id='word_1_283' title='bbox 857 3950 993 4018; x_wconf 90' lang='lat' dir='ltr'><strong>duplicem</strong></span> <span class='ocrx_word' id='word_1_284' title='bbox 1021 3950 1049 4004; x_wconf 88' lang='lat' dir='ltr'><strong>iu</strong></span> <span class='ocrx_word' id='word_1_285' title='bbox 1077 3951 1187 4005; x_wconf 90' lang='lat' dir='ltr'><strong>modum</strong></span> <span class='ocrx_word' id='word_1_286' title='bbox 1215 3950 1366 4018; x_wconf 89' lang='lat' dir='ltr'><strong>distribuit,</strong></span> <span class='ocrx_word' id='word_1_287' title='bbox 1397 3950 1479 4005; x_wconf 90' lang='lat' dir='ltr'><strong>unius</strong></span> 
     </span>
     <span class='ocr_line' id='line_1_39' title="bbox 362 4018 1479 4092; baseline 0.005 -21"><span class='ocrx_word' id='word_1_288' title='bbox 362 4018 487 4086; x_wconf 88' lang='lat' dir='ltr'><strong>rationis,</strong></span> <span class='ocrx_word' id='word_1_289' title='bbox 513 4035 594 4087; x_wconf 87' lang='lat' dir='ltr'><strong>quam</strong></span> <span class='ocrx_word' id='word_1_290' title='bbox 613 4021 733 4089; x_wconf 89' lang='lat' dir='ltr'><strong>protulit</strong></span> <span class='ocrx_word' id='word_1_291' title='bbox 755 4029 829 4088; x_wconf 88' lang='lat' dir='ltr'><strong>poet.</strong></span> <span class='ocrx_word' id='word_1_292' title='bbox 848 4023 892 4084; x_wconf 79' lang='lat' dir='ltr'><strong>at,</strong></span> <span class='ocrx_word' id='word_1_293' title='bbox 913 4024 981 4076; x_wconf 86' lang='grc'><strong>1457</strong></span> <span class='ocrx_word' id='word_1_294' title='bbox 991 4021 1017 4089; x_wconf 90' lang='lat' dir='ltr'><strong>b,</strong></span> <span class='ocrx_word' id='word_1_295' title='bbox 1037 4023 1061 4089; x_wconf 90' lang='grc'><strong><em>7,</em></strong></span> <span class='ocrx_word' id='word_1_296' title='bbox 1081 4024 1157 4077; x_wconf 89' lang='lat' dir='ltr'><strong>nulla</strong></span> <span class='ocrx_word' id='word_1_297' title='bbox 1180 4022 1301 4092; x_wconf 81' lang='lat' dir='ltr'><strong>vestigia</strong></span> <span class='ocrx_word' id='word_1_298' title='bbox 1319 4023 1347 4077; x_wconf 90' lang='lat' dir='ltr'><strong>in</strong></span> <span class='ocrx_word' id='word_1_299' title='bbox 1367 4022 1479 4077; x_wconf 89' lang='lat' dir='ltr'><strong>scholiis</strong></span> 
     </span>
     <span class='ocr_line' id='line_1_40' title="bbox 361 4091 786 4160; baseline 0.005 -14"><span class='ocrx_word' id='word_1_300' title='bbox 361 4091 465 4158; x_wconf 86' lang='lat' dir='ltr'><strong>insunt,</strong></span> <span class='ocrx_word' id='word_1_301' title='bbox 484 4091 518 4146; x_wconf 91' lang='lat' dir='ltr'><strong>de</strong></span> <span class='ocrx_word' id='word_1_302' title='bbox 537 4091 627 4147; x_wconf 88' lang='lat' dir='ltr'><strong>altera</strong></span> <span class='ocrx_word' id='word_1_303' title='bbox 646 4092 679 4147; x_wconf 84' lang='lat' dir='ltr'><strong>ct.</strong></span> <span class='ocrx_word' id='word_1_304' title='bbox 699 4110 724 4160; x_wconf 93' lang='lat' dir='ltr'><strong>p.</strong></span> <span class='ocrx_word' id='word_1_305' title='bbox 744 4095 786 4148; x_wconf 82' lang='lat'><strong>80.</strong></span> 
     </span>
    </p>

    <p class='ocr_par' dir='ltr' id='par_1_9' title="bbox 362 4163 1480 4584">
     <span class='ocr_line' id='line_1_41' title="bbox 454 4163 1479 4237; baseline 0.002 -19"><span class='ocrx_word' id='word_1_306' title='bbox 454 4163 475 4232; x_wconf 82' lang='lat'><strong>³)</strong></span> <span class='ocrx_word' id='word_1_307' title='bbox 495 4163 560 4218; x_wconf 88' lang='lat' dir='ltr'><strong>Sero</strong></span> <span class='ocrx_word' id='word_1_308' title='bbox 575 4163 683 4218; x_wconf 91' lang='lat' dir='ltr'><strong>omnino</strong></span> <span class='ocrx_word' id='word_1_309' title='bbox 696 4164 726 4217; x_wconf 91' lang='lat' dir='ltr'><strong>in</strong></span> <span class='ocrx_word' id='word_1_310' title='bbox 738 4179 790 4218; x_wconf 91' lang='lat' dir='ltr'><strong>usu</strong></span> <span class='ocrx_word' id='word_1_311' title='bbox 804 4170 847 4218; x_wconf 90' lang='lat' dir='ltr'><strong>est</strong></span> <span class='ocrx_word' id='word_1_312' title='bbox 860 4181 909 4232; x_wconf 91' lang='lat' dir='ltr'><strong>pro</strong></span> <span class='ocrx_word' id='word_1_313' title='bbox 923 4180 956 4220; x_wconf 87' lang='lat' dir='ltr'><strong>ea</strong></span> <span class='ocrx_word' id='word_1_314' title='bbox 969 4165 1059 4234; x_wconf 85' lang='lat' dir='ltr'><strong>specie</strong></span> <span class='ocrx_word' id='word_1_315' title='bbox 1071 4170 1296 4237; x_wconf 79' lang='grc' dir='ltr'><strong><em>προσωποποιίαι,</em></strong></span> <span class='ocrx_word' id='word_1_316' title='bbox 1317 4182 1372 4233; x_wconf 85' lang='lat' dir='ltr'><strong>qua</strong></span> <span class='ocrx_word' id='word_1_317' title='bbox 1386 4170 1479 4221; x_wconf 79' lang='lat' dir='ltr'><strong>caitae</strong></span> 
     </span>
     <span class='ocr_line' id='line_1_42' title="bbox 362 4235 1480 4304; baseline 0.004 -17"><span class='ocrx_word' id='word_1_318' title='bbox 362 4249 496 4300; x_wconf 85' lang='lat' dir='ltr'><strong>personae</strong></span> <span class='ocrx_word' id='word_1_319' title='bbox 514 4235 603 4290; x_wconf 87' lang='lat' dir='ltr'><strong>adhuc</strong></span> <span class='ocrx_word' id='word_1_320' title='bbox 620 4237 748 4291; x_wconf 81' lang='lat' dir='ltr'><strong>viventes</strong></span> <span class='ocrx_word' id='word_1_321' title='bbox 767 4236 991 4292; x_wconf 89' lang='lat' dir='ltr'><strong>introducuntur.</strong></span> <span class='ocrx_word' id='word_1_322' title='bbox 1023 4237 1063 4294; x_wconf 86' lang='lat' dir='ltr'><strong>cf.</strong></span> <span class='ocrx_word' id='word_1_323' title='bbox 1078 4239 1165 4293; x_wconf 86' lang='grc' dir='ltr'><strong>Δ155</strong></span> <span class='ocrx_word' id='word_1_324' title='bbox 1179 4238 1225 4304; x_wconf 70' lang='lat' dir='ltr'><strong>G„</strong></span> <span class='ocrx_word' id='word_1_325' title='bbox 1245 4239 1326 4293; x_wconf 84' lang='grc'><strong>1559</strong></span> <span class='ocrx_word' id='word_1_326' title='bbox 1338 4239 1370 4304; x_wconf 93' lang='grc' dir='ltr'><strong><em>Β,</em></strong></span> <span class='ocrx_word' id='word_1_327' title='bbox 1390 4241 1424 4288; x_wconf 92' lang='grc' dir='ltr'><em>Π</em></span> <span class='ocrx_word' id='word_1_328' title='bbox 1426 4239 1480 4292; x_wconf 87' lang='grc'><strong>414</strong></span> 
     </span>
     <span class='ocr_line' id='line_1_43' title="bbox 363 4305 1480 4392; baseline 0.006 -36"><span class='ocrx_word' id='word_1_329' title='bbox 363 4305 408 4388; x_wconf 54' lang='lat'><strong>1„</strong></span> <span class='ocrx_word' id='word_1_330' title='bbox 433 4309 524 4390; x_wconf 72' lang='grc'><strong>1494</strong></span> <span class='ocrx_word' id='word_1_331' title='bbox 543 4306 587 4374; x_wconf 85' lang='lat' dir='ltr'><strong>G,</strong></span> <span class='ocrx_word' id='word_1_332' title='bbox 615 4308 702 4362; x_wconf 79' lang='lat' dir='ltr'><strong>uum</strong></span> <span class='ocrx_word' id='word_1_333' title='bbox 723 4307 781 4392; x_wconf 53' lang='lat' dir='ltr'><strong>(a,</strong></span> <span class='ocrx_word' id='word_1_334' title='bbox 794 4311 873 4365; x_wconf 82' lang='grc'><strong>1591</strong></span> <span class='ocrx_word' id='word_1_335' title='bbox 894 4310 938 4376; x_wconf 61' lang='lat' dir='ltr'><strong>lu,</strong></span> <span class='ocrx_word' id='word_1_336' title='bbox 963 4325 1033 4376; x_wconf 85' lang='lat' dir='ltr'><strong>quae</strong></span> <span class='ocrx_word' id='word_1_337' title='bbox 1053 4310 1157 4366; x_wconf 89' lang='lat' dir='ltr'><strong>scholia</strong></span> <span class='ocrx_word' id='word_1_338' title='bbox 1180 4310 1239 4366; x_wconf 86' lang='lat' dir='ltr'><strong>lere</strong></span> <span class='ocrx_word' id='word_1_339' title='bbox 1259 4310 1349 4366; x_wconf 86' lang='lat' dir='ltr'><strong>omnia</strong></span> <span class='ocrx_word' id='word_1_340' title='bbox 1367 4314 1480 4365; x_wconf 84' lang='lat' dir='ltr'><strong>exstant</strong></span> 
     </span>
     <span class='ocr_line' id='line_1_44' title="bbox 362 4378 1257 4584; baseline 0.011 -82"><span class='ocrx_word' id='word_1_341' title='bbox 362 4392 391 4431; x_wconf 72' lang='lat' dir='ltr'><strong>m</strong></span> <span class='ocrx_word' id='word_1_342' title='bbox 411 4378 872 4584; x_wconf 52' lang='lat' dir='ltr'><strong>oedpc1pppopuhpppspofflpppptime</strong></span> <span class='ocrx_word' id='word_1_343' title='bbox 891 4457 999 4523; x_wconf 89' lang='lat' dir='ltr'><strong>notum;</strong></span> <span class='ocrx_word' id='word_1_344' title='bbox 1018 4455 1053 4511; x_wconf 86' lang='lat' dir='ltr'><strong>ci.</strong></span> <span class='ocrx_word' id='word_1_345' title='bbox 1072 4454 1142 4511; x_wconf 91' lang='lat' dir='ltr'><strong>rhet.</strong></span> <span class='ocrx_word' id='word_1_346' title='bbox 1161 4455 1213 4522; x_wconf 90' lang='lat' dir='ltr'><strong>Hi,</strong></span> <span class='ocrx_word' id='word_1_347' title='bbox 1232 4455 1257 4512; x_wconf 87' lang='grc'><strong>9.</strong></span> 
     </span>
    </p>
   </div>
   <div class='ocr_carea' id='block_1_5' title="bbox 0 0 1702 5140">
    <p class='ocr_par' dir='ltr' id='par_1_10' title="bbox 0 0 1702 5140">
     <span class='ocr_line' id='line_1_45' title="bbox 0 0 1702 5140; baseline 0 0"><span class='ocrx_word' id='word_1_348' title='bbox 0 0 1702 5140; x_wconf 95' lang='lat' dir='ltr'><strong> </strong></span> 
     </span>
    </p>
   </div>
  </div>
 </body>
</html>
