3390 5140
820 515 1039 572 -5g..

372 711 439 750 cum
464 691 579 750 confert
607 699 748 769 excerpta
773 695 790 750 5
815 698 846 749 et
864 693 921 751 in.
968 687 1055 748 cadit
1077 705 1175 769 porro,
1205 669 1285 768 quod
1308 687 1488 769 Spengelius

371 781 459 839 tertio
477 780 540 840 loco
555 780 688 859 protulit,
710 781 734 840 si
750 787 830 839 reots
846 777 985 839 Graeveu
1006 778 1178 839 observavit
1194 778 1313 838 titulum
1329 779 1368 839 ab
1384 778 1488 840 eadem

371 890 462 929 manu
485 889 551 928 esse
574 871 717 949 scriptum
741 879 833 948 atque
856 871 954 948 ipsum
979 868 1164 948 opusculum.

460 957 518 1019 Sed
551 967 632 1018 errat
663 960 787 1037 egregie
811 956 961 1038 Graeven,
993 977 1059 1018 cum
1091 967 1186 1038 putat,
1218 977 1294 1017 novo
1326 959 1377 1018 illo
1408 959 1487 1036 freg-

371 1057 469 1108 mento
486 1069 524 1108 ex
539 1048 674 1108 Lachere
690 1046 869 1128 praesidium
890 1068 963 1108 suae
979 1049 1145 1108 sententiae
1160 1048 1271 1126 parari.
1291 1068 1358 1107 cnm
1375 1046 1487 1127 dicit:¹)

375 1139 450 1210 „Die
467 1138 679 1216 Longinzitete
696 1137 747 1200 des
763 1138 913 1198 Lechares
938 1138 1074 1196 stimmen
1095 1136 1186 1198 sehon
1202 1138 1232 1196 in
1248 1137 1329 1196 ihrer
1345 1146 1487 1197 iussores

371 1229 460 1286 Form
493 1227 658 1288 suffallend
689 1228 815 1288 iiberein
851 1229 903 1286 mit
934 1225 991 1287 den
1030 1226 1143 1288 kurzen
1183 1226 1387 1287 rhetorischen
1418 1227 1488 1287 Vor-

370 1317 513 1377 sohrilten
530 1316 591 1377 und
608 1317 877 1396 Beohaohtungen,
902 1316 1014 1377 welche
1030 1316 1164 1396 Spengel
1180 1316 1219 1389 12,
1238 1320 1301 1377 213
1317 1325 1406 1376 unter
1421 1315 1488 1377 dem

371 1407 451 1466 Titel
475 1405 509 1466 ἐκ
524 1407 590 1467 τοῖν
606 1410 762 1483 Λογγῖνον
783 1407 896 1485 stehen,
920 1405 983 1466 und
1007 1405 1059 1465 das
1083 1408 1214 1485 Excerpt
1239 1409 1255 1466 7
1282 1405 1349 1466 dort
1370 1415 1489 1466 stemmt

370 1496 595 1556 un'zweifelhaft
625 1516 679 1566 aus
711 1495 867 1557 derselben
897 1496 1007 1569 Stelle,
1043 1494 1095 1556 der
1125 1495 1274 1554 Lechares
1305 1494 1354 1555 die
1386 1495 1489 1556 Worte

371 1606 400 1664 pr
417 1589 492 1658 294,
511 1587 640 1647 25-28
658 1587 827 1649 entnahm.“
868 1585 946 1646 Nam
963 1586 988 1646 si
1000 1585 1094 1646 verbs
1109 1587 1233 1665 respicio
1250 1605 1310 1644 non
1325 1587 1488 1646 sententias

370 1675 482 1756 nullam
513 1674 736 1736 similitudinem
774 1675 919 1751 indagare
949 1695 1069 1755 possum
1100 1675 1156 1734 nisi
1186 1675 1272 1736 initia
1302 1675 1488 1752 singulorum

370 1774 606 1844 praeceptorum,
632 1786 711 1846 quac
727 1765 875 1846 particula
899 1755 946 1826 ὅτι
967 1764 1206 1825 introducuntur.
1246 1763 1305 1824 Sed
1328 1763 1399 1824 iude
1414 1764 1489 1824 nihil

370 1855 472 1933 colligi
503 1875 591 1935 posse
623 1854 660 1915 de
691 1856 839 1915 communi
871 1857 986 1932 origine
1017 1856 1164 1914 neminem
1195 1854 1301 1932 fugiet,
1334 1874 1402 1913 cum
1432 1853 1489 1914 hoc

369 1944 512 2004 sollemne
544 1947 661 2005 initium
690 1947 819 2006 omnium
844 1955 1052 2024 excerptorum
1080 1946 1126 2007 sit.
1173 1942 1232 2004 Sed
1262 1945 1321 2003 iem
1353 1941 1391 2002 ad
1415 1964 1487 2024 rem,

370 2054 459 2114 quem
491 2033 528 2094 sd
559 2036 648 2096 finem
679 2036 769 2095 liceat
791 2035 883 2107 locos,
915 2035 1025 2114 quibus
1049 2032 1226 2095 Graevenus
1256 2034 1371 2115 nititur,
1403 2033 1489 2094 iuxta

369 2139 491 2205 ponere.

409 2257 412 2268 ¹
512 2250 655 2310 Lachsris
678 2249 770 2312 locus.
1044 2247 1077 2309 ἐκ
1101 2254 1166 2310 τῶν
1188 2251 1346 2325 Λογγῖνον
1372 2253 1400 2312 7.

369 2351 417 2418 ὅτι
449 2353 467 2417 ὃ
497 2352 601 2439 deping
629 2353 706 2430 μετὰ
737 2361 797 2418 τοῦ
827 2361 901 2430 λαμ·
956 2345 1005 2415 ὅτι
1020 2351 1081 2434 χρὴ
1096 2355 1129 2416 ἐν
1151 2368 1217 2430 τοῖς
1240 2352 1409 2434 συνθήκαις
1425 2361 1489 2418 τῶν

367 2445 452 2524 ποοῦ
487 2449 537 2506 καὶ
570 2443 607 2506 τὸ
638 2440 697 2522 ἡδὺ
730 2440 811 2525 πρὸς
845 2444 902 2523 τὴν
956 2444 1071 2506 κώλων
1087 2443 1221 2524 εὐπρεπῆ
1241 2443 1317 2506 εἶναι
1333 2443 1390 2523 τὴν
1406 2447 1488 2522 tegio

369 2525 467 2612 discipu
483 2533 553 2611 ἔχει,
572 2531 589 2596 ὁ
606 2537 638 2596 δὲ
653 2539 756 2597 ποίων
772 2533 901 2615 (τούτου
956 2537 1006 2595 καὶ
1029 2532 1086 2612 τὴν
1115 2533 1275 2622 συνθήκην
1307 2530 1365 2596 οὐκ
1395 2533 1484 2610 ἀνάρ-

370 2617 429 2702 ydo
453 2619 497 2697 ὠς
525 2624 614 2701 γένος
641 2627 671 2686 οἱ
692 2625 901 2704 πεντάχρονοι
955 2640 1086 2698 μοστον,
1118 2621 1161 2698 ὡς
1189 2618 1228 2686 ἂν
1250 2629 1390 2698 παίωνας
1410 2623 1484 2685 εἶναι

368 2714 531 2790 μετέχουσι
547 2709 672 2798 πάντες)
695 2713 837 2793 ὀγκώδης
852 2718 902 2775 καὶ
956 2717 1006 2776 καὶ
1035 2711 1169 2796 ’ἡρῴονς
1208 2711 1282 2788 τοὺς
1316 2719 1484 2787 πλείστους,

369 2793 650 2887 ὃιενηγερμένοςβ)
690 2796 766 2866 ὅθεν
804 2800 903 2866 αὐτὸν
956 2803 990 2880 ἐξ
1005 2796 1051 2865 ὧν
1075 2799 1204 2880 εὔογκος
1218 2800 1237 2881 ἡ
1253 2801 1396 2882 ἑρμηνεία
1412 2808 1487 2882 γίνε-

369 2896 419 2962 κοιὶ
443 2894 471 2953 οἱ
494 2897 617 2974 ποιηταὶ
644 2890 723 2972 πρὸς
746 2890 784 2954 τὰ
807 2895 902 2969 μείζω
958 2915 1006 2954 τοι
1018 2897 1068 2954 καὶ
1081 2892 1191 2971 σεμνή·
1209 2895 1443 2971 παραδείγματα
1456 2893 1488 2955 δὲ

368 2986 418 3064 nui
442 2981 610 3062 σεμνότερα
631 2975 787 3044 (ἕλκουσιν.
958 2979 995 3044 τὰ
1006 2980 1180 3056 Πλάτωνος
1195 2986 1245 3043 καὶ
1257 2983 1488 3060 Λημοσθένους·

957 3065 1046 3135 οὗτοι
1078 3069 1137 3152 γὰρ
1177 3066 1295 3150 ἄριστοι
1329 3070 1489 3148 γνώμονες

957 3184 1022 3225 των
1045 3183 1208 3225 τοιοντων.

460 3288 546 3363 Quae
569 3287 728 3368 perlegens
751 3291 861 3350 iterum
885 3291 1019 3351 confiteri
1048 3308 1153 3367 cogor,
1185 3306 1233 3346 me
1263 3284 1380 3345 nullum
1410 3287 1488 3346 inter

369 3387 531 3458 utrumque
546 3378 651 3439 docum
675 3379 922 3440 necessitudinem
950 3379 1062 3442 videre.
1110 3377 1185 3438 Cum
1216 3377 1293 3436 enim
1326 3374 1407 3455 apud
1430 3377 1487 3437 La·

369 3467 488 3527 charein
519 3468 675 3545 Longinus
705 3470 737 3528 in
772 3471 946 3530 universum
979 3468 1111 3547 disputet
1139 3465 1175 3526 de
1208 3465 1376 3542 gravitate,
1409 3484 1488 3546 quse

368 3553 443 3620 insit.
466 3559 568 3617 metris
596 3558 750 3637 dactylicis
781 3569 811 3619 et
841 3560 1006 3639 paeonicie,
1039 3559 1070 3616 in
1102 3564 1241 3631 excerpto
1273 3555 1488 3635 praescribitur

368 3647 426 3706 illis
449 3649 579 3708 numeris
601 3650 632 3708 in
656 3649 798 3708 clausulis
826 3647 970 3709 utendum
1002 3667 1080 3720 esse,
1113 3665 1151 3705 ne
1182 3645 1242 3705 siut
1271 3643 1436 3722 languidae
1457 3653 1487 3704 et

369 3737 467 3796 miuus
490 3746 579 3817 aptae
602 3748 724 3819 propter
751 3740 930 3815 gravitatem
959 3737 1152 3799 deficientem.
1200 3735 1291 3794 Porro
1319 3734 1369 3795 hic
1391 3736 1486 3794 virtus

369 3828 526 3902 gravitatis
541 3820 692 3908 paeonicis
715 3837 830 3888 tontum
848 3829 970 3908 propris
993 3839 1048 3898 est,
1073 3845 1140 3884 cum
1163 3824 1329 3884 hexametri
1352 3824 1487 3884 efficiant

370 3915 569 3994 splendorem,
594 3919 655 3977 illic
678 3919 799 3997 utrique
822 3919 927 3994 generi
950 3917 1105 3995 tribuitur,
1134 3914 1263 3995 denique
1286 3914 1334 3974 hic
1356 3913 1487 3993 exempli

369 4024 459 4066 cauea
482 4007 645 4068 laudantur
668 4017 785 4088 poetae,
809 4007 870 4065 illic
893 4007 980 4066 Plato
1004 4014 1034 4066 et
1056 4005 1281 4066 Demosthenes.

458 4254 468 4284 1

433 4367 436 4372 -
458 4254 480 4396 'd
498 4253 553 4381 hed
572 4254 699 4392 guidodst
717 4321 922 4397 dayoyeppsvoa
943 4321 1100 4381 excitatus?
1138 4322 1215 4392 Quod
1227 4321 1316 4391 magis
1334 4325 1409 4376 esset
1424 4340 1484 4404 γοη-

367 4397 487 4465 ηότητος.
526 4398 598 4451 Puto
611 4397 813 4452 restituendum
828 4413 888 4453 esse
902 4395 1047 4472 διηρμένος,
1068 4395 1199 4463 sublimis,
1213 4394 1289 4449 uisus
1302 4394 1485 4462 Hermogems

367 4470 427 4523 loce
446 4470 484 4537 II,
504 4470 601 4537 416,28
621 4468 679 4537 Sp:
698 4469 752 4519 ἔστι
770 4469 821 4541 γὰρ
840 4473 884 4520 καὶ
903 4469 987 4525 circos
1006 4467 1098 4537 σεμνὸς
1111 4471 1155 4519 καὶ
1167 4464 1305 4538 διηρμένος
1316 4464 1383 4537 πρὸς
1395 4464 1484 4534 ὄγκον.
